% Encoding: UTF-8
% Revistas JCR, SCIMAGOJR o LATININDEX

@article{MarcoNuno_Revista_2024_06_00,
    author = {José Fidencio López-Luna and Eddie Nahúm Armendáriz-Mireles and \textbf{M. A. Nuño-Maganda} and Hiram Herrera-Rivas and Rubén Machucho-Cadena and Jorge Arturo Hernández-Almazán},
    title ={Design and validation of a preliminary instrument to contextualize interactions through information technologies of health professionals},
    journal = {Health Informatics Journal},
    volume = {30},
    number = {2},
    pages = {14604582241259323},
    year = {2024},
    doi = {10.1177/14604582241259323},
        note ={PMID: 38886113},
    URL = { https://doi.org/10.1177/14604582241259323},
    eprint = {https://doi.org/10.1177/14604582241259323}
}




@Article{MarcoNuno_Revista_2023_10_00,
	AUTHOR = "Jorge de la Calleja and Elsa de la Calleja and Hujo Jair-Escalante and Eduardo López-Domínguez and María Áuxilio Medina-Nieto and \textbf{M. A. Nuño-Maganda}",
	TITLE = "{Automatic Image-based Galaxy Classification: An Approach using Fractal Dimension Analysis}",
	YEAR = "2023",
	month = {10},
	JOURNAL = "Research in Computing Science",
	VOLUME = "152",
    number = {10},
	note = "{\textbf{{ISSN:  1870-4069}}}"
}



@Article{MarcoNuno_Revista_2023_09_00,
    AUTHOR = {\textbf{M. A. Nuño-Maganda} and Ismael Antonio Dávila-Rodríguez  and Yahir Hernández-Mier  and José Hugo Barrón-Zambrano  and Juan Carlos Elizondo-Leal  and Alan Díaz-Manriquez  and Said Polanco-Martagón},
    TITLE = {Real-Time Embedded Vision System for Online Monitoring and Sorting of Citrus Fruits},
    JOURNAL = {Electronics},
    VOLUME = {12},
    YEAR = {2023},
    NUMBER = {18},
    month = {9},
    ARTICLE-NUMBER = {3891},
    URL = {https://www.mdpi.com/2079-9292/12/18/3891},
    ISSN = {2079-9292},
    DOI = {10.3390/electronics12183891},
    note = "{\url{https://www.mdpi.com/2079-9292/12/18/3891}}"
}

% LATININDEX
@Article{MarcoNuno_CongArbEsp_2023_09_0X,
	author = {Jorge Jhovan Rodríguez-Moreno and Osiel Alejandro Ordoñez-Cruz and Jorge Guevara-García and José Andrik Martínez-Rodríguez and Christopher Emmanuel Perez-Duque and \textbf{M. A. Nuño-Maganda} },
	title = {{Implementación de interfaz gráfica en PyQt5 referente a la visualización de pérdida de clasificación lineal}},
	journal = {Abstraction \& Application},
	year = {2023},	
	volume=42,
	issue=3,
	pages = {134--143},
	month = {9},
	note={\url{https://intranet.matematicas.uady.mx/journal/descargar.php?id=308}}
}

% LATININDEX
@Article{MarcoNuno_Revista_2022_11_00,
	AUTHOR = "Beatriz Anshel Sánchez-García and Said Polanco-Martagón and Yahir Hernández-Mier and \textbf{M. A. Nuño-Maganda} and Jorge Arturo Hernández-Almazán",
	TITLE = "{Suspicious Lung Disease Prediction from Auscultation Sounds Using Neural Networks}",
	YEAR = "2022",
	month = {12},
	JOURNAL = "Research in Computing Science",
	VOLUME = "151",
	number = "12",
	note={\url{https://rcs.cic.ipn.mx/2022_151_12/Suspicious%20Lung%20Disease%20Prediction%20from%20Auscultation%20Sounds%20Using%20Neural%20Networks.html}},
	note = "{\textbf{{ISSN:  1870-4069}}}",
	PAGES = "87--99"
}


% SCIMAGO
﻿@Article{MarcoNuno_Revista_2022_07_00,
author={Carlos Adrian Calles-Arriaga  and 
Juan López Hernández  and 
Martín  Hernández-Ordoñez and 
\textbf{M. A. Nuño-Maganda} and
Manuel Benjamin  Ortiz Moctezuma and 
Enrique Rocha-Rangel},
title={{Magnetic Field Computer Interface Based on Cartesian Robot for Practical Demonstration of Ampere's Law in Precollege Courses}},
journal={Physics Education},
year={2022},
month={7},
publisher={IOP},
note = "{\url{10.1088/1361-6552/ac8518}}"
}




﻿@Article{MarcoNuno_Revista_2022_06_00,
author={C{\'e}sar Alfredo Rocha-Herrera 
and Alan D{\'i}az-Manr{\'i}quez
and Jose Hugo Barron-Zambrano
and Juan Carlos Elizondo-Leal
and Vicente Paul Saldivar-Alonso
and Jose Ramon Mart{\'i}nez-Angulo 
and \textbf{M. A. Nuño-Maganda} 
and Said Polanco-Martagon },
title={{EEG Feature Extraction Using Evolutionary Algorithms for Brain-Computer Interface Development}},
journal={Computational Intelligence and Neuroscience},
year={2022},
month={6},
day={29},
publisher={Hindawi},
volume={2022},
pages={7571208},
issn={1687-5265},
doi={10.1155/2022/7571208},
url={https://doi.org/10.1155/2022/7571208},
note = "{\url{https://doi.org/10.1155/2022/7571208}}"
}



﻿@Article{MarcoNuno_Revista_2022_03_00,
author={
\textbf{M. A. Nuño-Maganda} 
and Josu{\'e} Hel{\'i} Jim{\'e}nez-Arteaga
and Jose Hugo Barron-Zambrano
and Yahir Hern{\'a}ndez-Mier
and Juan Carlos Elizondo-Leal
and Alan D{\'i}az-Manr{\'i}quez
and Cesar Torres-Huitzil
and Said Polanco-Martag{\'o}n},
title={Implementation and integration of image processing blocks in a real-time bottle classification system},
journal={Scientific Reports},
year={2022},
month={3},
day={22},
volume={12},
number={1},
pages={4868},
issn={2045-2322},
doi={10.1038/s41598-022-08777-x},
url={https://doi.org/10.1038/s41598-022-08777-x},
note = "{\url{https://doi.org/10.1038/s41598-022-08777-x}}"
}


@Article{MarcoNuno_Revista_2022_09_00,
	AUTHOR = "Dino Tonatiuh Gutierrez-Martinez and Orlando Samuel Martinez-Dorantes and Juan Jose Torres-Grimaldo and Adriana Palmero-Torres and Ana Karen Echartea-Juarez and Angela Carrizales and Osiel Gómez and Gabriela Robles and \textbf{M. A. Nuño-Maganda}",
	TITLE = "{Aplicación móvil para consultar rutas de autobuses urbanos en Ciudad Victoria, Tamaulipas}",
	YEAR = "2022",
	month = {9},
	JOURNAL = "Research in Computing Science",
	VOLUME = "151",
    NUMBER = {9},
	note = "{Aceptado. \textbf{{ISSN:  1870-4069}}}"
}


@Article{ MarcoNuno_Revista_2021_04_00,
	AUTHOR = "Cristian I. Echartea de la Rosa and \textbf{M. A. Nuño-Maganda} and Yahir Hernández-Mier and Said Polanco-Martagón",
	TITLE = "{Creación de planes alimenticios mediante algoritmos genéticos para combatir la obesidad infantil en México}",
	YEAR = "2021",
	month = {4},
	JOURNAL = "Research in Computing Science, Advances in Information Technology",
	VOLUME = "150",
	number = "4",
	note = "{\textbf{{ISSN:  1870-4069}}}",
	PAGES = "51--60"
}

@Article{MarcoNuno_Revista_2021_10_00,
	AUTHOR = "José Ramon Arratia-Zapata and \textbf{M. A. Nuño-Maganda} and Yahir Hernández-Mier and Said Polanco-Martagón",
	TITLE = "{Sistema de Monitoreo Remoto de Temperatura y Humedad Utilizando Dispositivos Móviles e IOT}",
	YEAR = "2021",
	month = {10},
	JOURNAL = "Research in Computing Science",
	VOLUME = "150",
	note = "{Aceptado. \textbf{{ISSN:  1870-4069}}}"
}

@Article{MarcoNuno_Revista_2020_11_00,
AUTHOR = {Juan Carlos Elizondo-Leal and José Gabriel Ramirez-Torres and Jose Hugo  Barrón-Zambrano and Alan Diaz-Manríquez and \textbf{M. A. Nuño-Maganda} and Vicente Paul Saldivar-Alonso },
TITLE = {Parallel Raster Scan for Euclidean Distance Transform},
JOURNAL = {Symmetry},
VOLUME = {12},
YEAR = {2020},
NUMBER = {11},
ARTICLE-NUMBER = {1808},
URL = {https://www.mdpi.com/2073-8994/12/11/1808},
ISSN = {2073-8994},
month = {11},
DOI = {10.3390/sym12111808},
note = "{\url{https://doi.org/10.3390/sym12111808}}"

}

@Article{MarcoNuno_Revista_2020_10_00,
AUTHOR = {Martín Hernández-Ordoñez  and \textbf{M. A. Nuño-Maganda} and Carlos Adrián Calles-Arriaga and Abelardo Rodríguez-León and Guillermo Efren Ovando-Chacon  and Rolando  Salazar-Hernández  and Omar Montaño-Rivas  and José Margarito Canseco-Cortinas },
TITLE = {Medical Assistant Mobile Application for Diabetes Control by Simulating a Compartmental Model},
JOURNAL = {Applied Sciences},
VOLUME = {10},
YEAR = {2020},
NUMBER = {19},
ARTICLE-NUMBER = {6846},
URL = {https://www.mdpi.com/2076-3417/10/19/6846},
ISSN = {2076-3417},
month = {10},
DOI = {10.3390/app10196846},
note = "{\url{https://doi.org/10.3390/app10196846}}"
}



@Article{MarcoNuno_Revista_2020_04_00,
	AUTHOR = {Yahir Hern{\'a}ndez-Mier and \textbf{M. A. Nuño-Maganda} and Said Polanco-Martag{\'o}n and Mar{\'i}a del Refugio Garc{\'i}a Ch{\'a}vez},
	TITLE = {{Machine Learning Classifiers Evaluation for Automatic Karyogram Generation from G-Banded Metaphase Images}},
	journal = "Applied Sciences",
     number= {8},
	VOLUME = {10},
	YEAR = {2020},
	month = {4},
	note = "{\url{https://doi.org/10.3390/app10082758}, Article ID: \textbf{applsci-759087}, \textbf{{ISSN:  2076-3417}}}",
}

@Article{ MarcoNuno_Revista_2010_04_00,
	AUTHOR = "\textbf{M. A. Nuño-Maganda} and C{\'e}sar Torres-Huitzil and Miguel Arias-Estrada",
	TITLE = "{Population Coding and SpikeProp Hardware Accelerator for Spiking Neural Networks}",
	YEAR = "2010",
	month = {4},
	JOURNAL = "Research in Computing Science, Advances in Computer Science and Engineering",
	VOLUME = "45",
	EDITOR = "Mart{\'i}nez Miguel and Alarc{\'o}n Antonio",
	note = "{\textbf{{ISSN:  1870-4069}}}",
	PAGES = "145--156"
}

@Article{ MarcoNuno_Revista_2010_09_00,
	AUTHOR = "\textbf{M. A. Nuño-Maganda} and C{\'e}sar Torres-Huitzil",
	TITLE = "{A Temporal Coding Hardware Implementation for Spiking Neural Networks}",
	YEAR = "2010",
	JOURNAL = "ACM SIGARCH Computer Architecture News",
	VOLUME = "38",
	NUMBER = "4",
	month = {9},
	note = "{\url{https://doi.org/10.1145/1926367.1926369}, \textbf{{ISSN:  0163-5964}}}",
	PAGES = "2--7"
}

@Article{ MarcoNuno_Revista_2011_06_00,
	author = "Carlos Polanco-Gonz{\'a}lez and \textbf{M. A. Nuño-Maganda} and Miguel Arias-Estrada and Gabriel del R{\'i}o",
	journal = "PLoS ONE",
	publisher = "Public Library of Science",
	title = "{An FPGA Implementation to Detect Selective Cationic Antibacterial Peptides}",
	year = "2011",
	month = {6},
	volume = "6",
	pages = "e21399",
	number = "6",
	note = "{\url{https://doi.org/10.1371/journal.pone.0021399}, \textbf{{ISSN:  1932-6203, Indexado SCI}}}",
	doi = "10.1371/journal.pone.0021399"
}

@Article{ MarcoNuno_Revista_2012_09_00,
	author = "Marco Delgadillo-Escobar and C{\'e}sar Torres-Huitzil and \textbf{M. A. Nuño-Maganda}",
	journal = "IEICE Electronics Express",
	title = "{Comparison between 2D cellular automata based pseudorandom number generators}",
	year = "2012",
	month = {9},
	volume = "9",
	number = "17",
	pages = "1391--1396",
	note = "{\url{https://doi.org/10.1587/elex.9.1391}, \textbf{{ISSN: 1349-2543, Indexado SCI}}}"
}

@Article{ MarcoNuno_Revista_2014_10_00,
	author = "C{\'e}sar Torres-Huitzil and \textbf{M. A. Nuño-Maganda}",
	journal = "ACM SIGARCH Computer Architecture News",
	title = "{Area-time efficient implementation of local adaptive image
thresholding in reconfigurable hardware}",
	year = "2014",
	month = {9},
	volume = "42",
	number = "4",
	pages = "33--38",
	note = "{\url{https://doi.org/10.1145/2693714.2693721}, \textbf{{ISSN:  0163-5964}}}",
}


@Article{ MarcoNuno_Revista_2018_02_00,
	author = "Heidy Marisol Mar{\'i}n-Castro and Victor Sosa and \textbf{M. A. Nuño-Maganda}",
	journal = "IEEE Latin America Transactions",
	title = "{{Automatic construction of vertical search tools for the Deep Web}}",
	year = "2018",
	month = {2},
	volume = "16",
	number = "2",
	pages = "574--584",
	note = "{\url{https://doi.org/10.1109/TLA.2018.8327415}, \textbf{{ISSN:  1548-0992}}}",
}

@Article{ MarcoNuno_Revista_2018_03_00,
	author = "Samantha Yasivee Carrizales-Villag{\'o}mez and \textbf{M. A. Nuño-Maganda}  and  Javier Rubio-Loyola",
	journal = "Mobile Information Systems",
	title = "{{A Platform for e-Health Control and Location Services for Wandering Patients}}",
	YEAR = {2018},
	month = {04},
	VOLUME = {18},
	note = {{\url{https://doi.org/10.1155/2018/8164376}, Article ID: \textbf{8164376}, \textbf{{ISSN:  1875-905X}}}}
}

@Article{MarcoNuno_Revista_2018_07_00,
	AUTHOR = {\textbf{M. A. Nuño-Maganda} and Herrera-Rivas, Hiram and Torres-Huitzil, Cesar and Marisol Mar{\'i}n-Castro, Heidy and Coronado-P{\'e}rez, Yuriria},
	TITLE = {{On-Device Learning of Indoor Location for WiFi Fingerprint Approach}},
	JOURNAL = {Sensors},
	VOLUME = {18},
	YEAR = {2018},
	NUMBER = {7},
	month = {7},
	note = "{\url{https://doi.org/10.3390/s18072202}, Article ID: \textbf{2202}, \textbf{{ISSN:  1424-8220}}}",
}

@Article{MarcoNuno_Revista_2018_08_00,
	AUTHOR = {Mart{\'i}n Hern{\'a}ndez-Ordo{\~n}ez and \textbf{M. A. Nuño-Maganda} and Carlos A. Calles-Arriaga and Omar Monta{\~n}o-Rivas and Karla E. Bautista Hern{\'a}ndez},
	TITLE = {{An Education Application for Teaching Robot Arm Manipulator Concepts Using Augmented Reality}},
	journal = "Mobile Information Systems",
	VOLUME = {2018},
	YEAR = {2018},
	month = {8},
	note = "{\url{https://doi.org/10.1155/2018/6047034}, Article ID: \textbf{6047034}, \textbf{{ISSN:  1875-905X}}}",
}

@Article{MarcoNuno_Revista_2020_06_00,
  author  = {\textbf{M. A. Nuño-Maganda} and C. {Torres-Huitzil} and Y. {Hernández-Mier} and J. {De La Calleja} and C. C. {Martinez-Gil} and J. H. B. {Zambrano} and A. D. {Manríquez}},
  title   = {Smartphone-Based Remote Monitoring Tool for e-Learning},
  journal = {IEEE Access},
  year    = {2020},
  volume  = {8},
  pages   = {121409-121423},
  month   = {6},
  note    = {{\url{https://doi.org/10.1109/ACCESS.2020.3005330} \textbf{{ISSN:  2169-3536}}}},
  doi     = {10.1109/ACCESS.2020.3005330},
  url     = {10.1109/ACCESS.2020.3005330},
}

@Comment{jabref-meta: databaseType:bibtex;}
% This file was created with JabRef 2.10.
% Encoding: UTF-8


@InProceedings{MarcoNuno_CongArbIng_2005_09_00,
  Title                    = {{Real-Time FPGA-Based Architecture for Bicubic Interpolation: An Application for Digital Image Scaling}},
  Author                   = {\textbf{M. A. Nuño-Maganda} and Miguel Arias-Estrada},
  Booktitle                = {Proceedings of the 2005 International Conference on Reconfigurable Computing and FPGAs (ReConFig'05) on Reconfigurable Computing and FPGAs},
  Year                     = {2005},

  Address                  = {Puebla, M{\'e}xico},
  Month                    = 9,
  Note                     = {{\url{https://doi.org/10.1109/RECONFIG.2005.34} {ISBN: 0-7695-2456-7}}},
  Pages                    = {1--},
  Publisher                = {IEEE Computer Society},

  Acmid                    = {1115246},
  Doi                      = {10.1109/RECONFIG.2005.34},
  Url                      = {http://dl.acm.org/citation.cfm?id=1114693.1115246}
}

@InProceedings{MarcoNuno_CongArbIng_2003_12_00,
  Title                    = {{Three Video Applications using an FPGA based pyramids implementation: Tracking, Mosaics and Stabilization}},
  Author                   = {\textbf{M. A. Nuño-Maganda} and Miguel Arias-Estrada and Claudia Feregrino-Uribe},
  Booktitle                = {IEEE International Conference on Field Programmable Technology},
  Year                     = {2003},
  Month                    = 12,
  Note                     = {{\url{https://doi.org/10.1109/FPT.2003.1275771} {ISBN: 978-0-7803-8320-3}}},
  Pages                    = {336--339}
}

@InProceedings{MarcoNuno_CongArbIng_2007_02_00,
  Title                    = {{An Efficient Scalable Parallel Hardware Architecture for Multilayer Spiking Neural Networks}},
  Author                   = {\textbf{M. A. Nuño-Maganda} and Miguel Arias-Estrada and C{\'e}sar Torres-Huitzil},
  Booktitle                = {Programmable Logic, 2007. SPL '07. 2007 3rd Southern Conference on},
  Year                     = {2007},
  Month                    = 4,
  Note                     = {{\url{https://doi.org/10.1109/SPL.2007.371742} {ISBN: 1-4244-0606-4}}},
  Pages                    = {167--170},

  Doi                      = {10.1109/SPL.2007.371742},
  Keywords                 = {artificial neural network, biological plausible neuron model, digital spike-based communication scheme, learning phase, microprocessor-based software implementation, multilayer spiking neural network, neural chips, neural net architecture, neural processing, parallel architectures, parallel hardware architecture, recall phase}
}

@InProceedings{MarcoNuno_CongArbIng_2012_08_00,
  Title                    = {{A Hardware Architecture for Image Clustering using Spiking Neural Networks}},
  Author                   = {{\textbf{M. A. Nuño-Maganda}} and Miguel Arias-Estrada and C{\'e}sar Torres-Huitzil and H{\'e}ctor Aviles-Arriaga and Yahir Hern{\'a}ndez-Mier and Miguel Morales-Sandoval},
  Booktitle                = {2012 International Symposium on VLSI},
  Year                     = {2012},
  Month                    = 08,
  Note                     = {{\url{https://doi.org/10.1109/ISVLSI.2012.46} {ISBN: 978-0-7695-4767-1}}},
  Pages                    = {261--266}
}

@InProceedings{MarcoNuno_CongArbIng_2009_06_00,
  Title                    = {{Hardware implementation of spiking neural network classifiers based on backpropagation-based learning algorithms}},
  Author                   = {\textbf{M. A. Nuño-Maganda} and Miguel Arias-Estrada and C{\'e}sar Torres-Huitzil and Bernard Girau},
  Booktitle                = {Proceedings of the 2009 international joint conference on Neural Networks},
  Year                     = {2009},

  Address                  = {Piscataway, NJ, USA},
  Month                    = 6,
  Note                     = {\url{https://doi.org/10.1109/IJCNN.2009.5178912} ISBN: 978-1-4244-3549-4},
  Pages                    = {2318--2325},
  Publisher                = {IEEE Press},
  Series                   = {IJCNN'09},

  Acmid                    = {1704605},
  Location                 = {Atlanta, Georgia, USA},
  Numpages                 = {8},
  Url                      = {http://dl.acm.org/citation.cfm?id=1704555.1704605}
}

@InProceedings{MarcoNuno_CongArbIng_2010_12_00,
  Title                    = {{Using Handel-C for describing Picoprocessor Architectures}},
  Author                   = {{\textbf{M. A. Nuño-Maganda} and C{\'e}sar Torres-Huitzil and Miguel Morales-Sandoval}},
  Booktitle                = {Primer Workshop Mexicano de C{\'o}mputo Reconfigurable y sus Aplicaciones en Educaci{\'o}n e Ingenier{\'i}a},
  Year                     = {2010},
  Month                    = 12,
  Note                     = {{ISBN 987-607-00-3828-0}},
  Pages                    = {60--65}
}

@InProceedings{MarcoNuno_CongArbIng_2012_01_00,
  Title                    = {{Physician software interface for an intelligent glucose monitor}},
  Author                   = {{\textbf{M. A. Nuño-Maganda}} and Yahir Hern{\'a}ndez-Mier and Hiram Herrera-Rivas and Judith Cornejo-Barrera and Eduardo P{\'e}rez-Lainez},
  Booktitle                = {Circuits and Systems for Medical and Environmental Applications Workshop (CASME)},
  Year                     = {2012},
  Month                    = 1,
  Note                     = {{{Publicado}}}
}

@InProceedings{MarcoNuno_CongArbIng_2009_04_00,
  Title                    = {{A population coding hardware architecture for Spiking Neural Networks applications}},
  Author                   = {{\textbf{M. A. Nuño-Maganda} and Miguel Arias-Estrada and C{\'e}sar Torres-Huitzil and Bernard. Girau}},
  Booktitle                = {Programmable Logic, 2009. SPL. 5th Southern Conference on},
  Year                     = {2009},
  Month                    = 4,
  Note                     = {\url{https://doi.org/10.1109/SPL.2009.4914919} {ISBN: 978-1-4244-3846-4}},
  Pages                    = {83--88},
  Doi                      = {10.1109/SPL.2009.4914919},
  Keywords                 = {computer architecture, encoding, field programmable gate arrays, FPGA, Gaussian processes, Gaussian receptive fields, high-performance hardware architecture, neural chips, population information coding, random dataset, SpikeProp algorithm, spiking neural network}
}

@InProceedings{MarcoNuno_CongArbIng_2010_04_00,
  Title                    = {{A Temporal Coding Hardware Implementation for Spiking Neural Networks}},
  Author                   = {{\textbf{M. A. Nuño-Maganda}} and C{\'e}sar Torres-Huitzil},
  Booktitle                = {International workshop on Highly- Efficient Accelerators and Reconfigurable Technologies (HEART2010)},
  Year                     = {2010},
  Month                    = 4,
  Pages                    = {11--17}
}

@InProceedings{MarcoNuno_CongArbIng_2011_10_00,
  Title                    = {{A High Performance Hardware Architecture for Image Clustering using K-Means}},
  Author                   = {{\textbf{M. A. Nuño-Maganda}} and C{\'e}sar Torres-Huitzil and Miguel Arias-Estrada},
  Booktitle                = {Proceedings 2011 World Congress on Engineering and Technology},
  Year                     = {2011},
  Month                    = 10,
  Note                     = {{ISBN: 978-1-61284-365-0}},
  Pages                    = {467--470},
  Volume                   = {6}
}

@InProceedings{MarcoNuno_CongArbIng_2011_08_00,
  Title                    = {{A Hardware Coprocessor integrated with OpenCV for Edge Detection using Cellular Neural Networks}},
  Author                   = {\textbf{M. A. Nuño-Maganda} and C{\'e}sar Torres-Huitzil and Miguel Morales-Sandoval},
  Booktitle                = {Proceedings of the 6th International Conference on Image and Graphics (ICIG) 2011},
  Year                     = {2011},
  Month                    = 08,
  Note                     = {\url{https://doi.org/10.1109/ICIG.2011.115} {ISBN: 987-0-7695-4541-7}},
  Pages                    = {957--962}
}

@InProceedings{MarcoNuno_CongArbIng_2007_12_00,
  Title                    = {{High Performance Hardware Implementation of SpikeProp Learning: Potential and Tradeoffs}},
  Author                   = {\textbf{M. A. Nuño-Maganda} and Miguel Arias-Estrada and C\'esar Torres-Huitzil},
  Booktitle                = {Field-Programmable Technology, 2007. ICFPT 2007. International Conference on},
  Year                     = {2007},
  Month                    = 12,
  Note                     = {{\url{https://doi.org/10.1109/FPT.2007.4439241} {ISBN: 1-4244-1472-5}}},
  Pages                    = {129--136},

  Doi                      = {10.1109/FPT.2007.4439241},
  Keywords                 = {data precision, error analysis, hardware architecture, hardware-based learning rule, hardware resource consumption, learning (artificial intelligence), neural net architecture, performance statistics, SpikeProp learning, spiking neural networks}
}

@InProceedings{MarcoNuno_CongArbIng_2014_02_00,
  Title                    = {{FPGA-based Real-Time Citrus Classification System}},
  Author                   = {\textbf{M. A. Nuño-Maganda} and Yahir Hern\'andez-Mier and C\'esar Torres-Huitzil and Josu\'e Jim\'enez Arteaga},
  Booktitle                = {5th IEEE Latin American Symposium on Circuits and Systems},
  Year                     = {2014},
  Month                    = 4,
  Note                     = {{\url{https://doi.org/10.1109/LASCAS.2014.6820292} {ISBN: 978-1-4799-2507-0}}}
}

@InProceedings{MarcoNuno_CongArbIng_2005_06_00,
  Title                    = {{Real-time computer vision using FPGA based processing: Overview of INAOE activities}},
  Author                   = {Miguel Arias-Estrada and Griselda Salda{\~n}a and {\textbf{M. A. Nuño-Maganda}} and V{\'i}ctor Rosales-Hernandez and C{\'e}sar Torres-Huitzil},
  Booktitle                = {Retine Electronique, ASIC-FPGA et DSP (READ05)},
  Year                     = {2005},
  Month                    = 6,
  Pages                    = {27--32}
}

@InProceedings{MarcoNuno_CongArbIng_2015_02_00,
  Title                    = {{Robust Smartphone-based Human Activity Recognition using a Tri-axial Accelerometer}},
  Author                   = {{C{\'e}sar Torres-Huitzil and \textbf{M. A. Nuño-Maganda}}},
  Booktitle                = {6th IEEE Latin American Symposium on Circuits and Systems},
  Year                     = {2015},
  Month                    = 4,
  Note                     = {{\url{https://doi.org/10.1109/LASCAS.2015.7250435} {ISBN: 978-1-4799-8332-2}}}
}

@InProceedings{8994792,
  Title                    = {{Decision-Tree Based Pixel Classification for Real-time Citrus Segmentation on FPGA}},
  Author                   = {Ismael Antonio D{\'a}vila-Rodr{\'i}guez and Marco Aurelio Nuño-Maganda and Yahir Hern{\'a}ndez-Mier and Said Polanco-Martag{\'o}n},
  Booktitle                = {2019 International Conference on ReConFigurable Computing and FPGAs (ReConFig)},
  Year                     = {2019},
  Month                    = 10,
  Pages                    = {1-8},
  Note                     = {{\url{https://doi.org/10.1109/ReConFig48160.2019.8994792} {ISSN: 2325-6532}}},

  Doi                      = {10.1109/ReConFig48160.2019.8994792},
  ISSN                     = {2325-6532},
  Keywords                 = {Hardware architecture;Image processing;Image segmentation;FPGA;Decision tree}
}

@InProceedings{MarcoNuno_CongArbIng_2012_03_00,
  Title                    = {{Acceleration of Selective Cationic Antibacterial Peptides Computation: A Comparison of FPGA and GPU Approaches}},
  Author                   = {Dulce Garc{\'i}a-Ordaz and Miguel Arias-Estrada and \textbf{M. A. Nuño-Maganda} and Carlos Polanco-Gonz{\'a}lez and Gabriel del R{\'i}o},
  Booktitle                = {ISUM Conference Proceedings: Where Supercomputing, Science and Technologies Meet},
  Year                     = {2012},
  Month                    = 3,
  Note                     = {{{ISBN: 978-607-450-658-7}}},
  Pages                    = {124--133}
}

@InProceedings{MarcoNuno_CongArbIng_2012_02_02,
  Title                    = {{Evaluation of Machine Learning techniques for Face Detection and Recognition}},
  Author                   = {Ernesto Garc\'ia-Amaro and \textbf{M. A. Nuño-Maganda} and Miguel Morales-Sandoval},
  Booktitle                = {22nd International Conference on Electrical, Communications, and Computers},
  Year                     = {2012},
  Month                    = 4,
  Note                     = {{\url{https://doi.org/10.1109/CONIELECOMP.2012.6189911} {ISBN: 978-1-61284-1325}}},
  Pages                    = {213--218}
}

@InProceedings{MarcoNuno_CongArbIng_2011_11_00,
  Title                    = {{Initial Steps Towards an Embedded Fruit Selector}},
  Author                   = {Josu{\'e} Jim{\'e}nez-Arteaga and {\textbf{M. A. Nuño-Maganda}}},
  Booktitle                = {CERMA, Workshop on Innovation},
  Year                     = {2011},
  Month                    = 11,
  Note                     = {{ISBN: 978-0-7694-4563-8}}
}

@InProceedings{MarcoNuno_CongArbIng_2014_07_00,
  Title                    = {{Computer vision based real-time vehicle tracking and classification system}},
  Author                   = {Raul Humberto Pe{\~n}a-Gonz\'alez and \textbf{M. A. Nuño-Maganda} },
  Booktitle                = {2014 IEEE 57th International Midwest Symposium on Circuits and Systems (MWSCAS 2014)},
  Year                     = {2014},
  Month                    = 08,
  Note                     = {{\url{http://doi.org/10.1109/MWSCAS.2014.6908506}{ISBN: 978-1-4799-4132-2}}},
  Pages                    = {679--682}
}

@InCollection{MarcoNuno_CongArbIng_2014_12_00X,
  Title                    = {{Embedded Image Processing System for Automatic Page Segmentation of Open Book Images}},
  Author                   = {Rodr{\'i}guez-Osoria, Victor and \textbf{M. A. Nuño-Maganda} and Hern{\'a}ndez-Mier, Yahir and Torres-Huitzil, Cesar},
  Booktitle                = {Advances in Visual Computing},
  Publisher                = {Springer International Publishing},
  Year                     = {2014},
  Month                    = 12,
  Note                     = {{\url{http://dx.doi.org/10.1007/978-3-319-14364-4_51} {\textbf{ISBN: 978-3-319-14363-7}}}},
  Pages                    = {531-540},
  Series                   = {Lecture Notes in Computer Science},
  Volume                   = {8888},

  Doi                      = {10.1007/978-3-319-14364-4_51},
  Language                 = {English},
  Url                      = {http://dx.doi.org/10.1007/978-3-319-14364-4_51}
}

@InProceedings{MarcoNuno_CongArbIng_2012_02_00,
  Title                    = {{A Novel Strategy for Image Segmentation of Latent Fingerprints}},
  Author                   = {Eliza Ruiz-Echartea and Miguel Morales-Sandoval and \textbf{M. A. Nuño-Maganda} and Yahir Hern\'andez-Mier},
  Booktitle                = {22nd International Conference on Electrical, Communications, and Computers},
  Year                     = {2012},
  Month                    = 4,
  Note                     = {{\url{https://doi.org/10.1109/CONIELECOMP.2012.6189908} {ISBN: 978-1-61284-1325}}},
  Pages                    = {196--201}
}

@InProceedings{MarcoNuno_CongArbIng_2014_06_00,
  Title                    = {{Area-time efficient implementation of local adaptive image thresholding in reconfigurable hardware}},
  Author                   = {Cesar Torres-Huitzil and {\textbf{M. A. Nuño-Maganda}} },
  Booktitle                = {The 5th International Symposium on Highly Efficient Accelerators and Reconfigurable Technologies (HEART)},
  Year                     = {2014},
  Month                    = 6
}

@InProceedings{MarcoNuno_CongArbIng_2012_02_01,
  Title                    = {{Elliptic Curve Cryptography on Windows CE devices}},
  Author                   = {Adriana Trujillo-V\'azquez and Miguel Morales-Sandoval and \textbf{M. A. Nuño-Maganda} and Manuel Ruiz-M\'endez},
  Booktitle                = {22nd International Conference on Electrical, Communications, and Computers},
  Year                     = {2012},
  Month                    = 4,
  Note                     = {\url{https://doi.org/10.1109/CONIELECOMP.2012.6189913} {ISBN: 978-1-61284-1325}},
  Pages                    = {224--229}
}

@InProceedings{ MarcoNuno_CongArbEsp_2003_05_00,
	AUTHOR = "\textbf{M. A. Nuño-Maganda} and Miguel Arias-Estrada",
	TITLE = "{Arquitectura Hardware para el Seguimiento de Objetos Utilizando Procesamiento Piramidal}",
	BOOKTITLE = "Avances en la ciencia de la computaci{\'o}n en M{\'e}xico",
	YEAR = "2003",
	month = 5,
	pages = "198--208",
	SERIES = "Research on Computing Science",
	note = "{{ISBN:  970-36-0026-3}}",
	VOLUME = "2"
}

@InProceedings{ MarcoNuno_CongArbEsp_2003_09_00,
	AUTHOR = "\textbf{M. A. Nuño-Maganda} and Miguel Arias-Estrada and Claudia Feregrino-Uribe",
	TITLE = "{Implementaci{\'o}n Hardware de Aplicaciones de la Pir{\'a}mide}",
	BOOKTITLE = "IV Congreso Internacional en Ciencias de la Computaci{\'o}n: Avances en Ciencias de la Computaci{\'o}n ",
	YEAR = "2003",
	pages = "83--89",
	month = 9,
	VOLUME = "2"
}

@InProceedings{ MarcoNuno_CongArbEsp_2004_09_00,
	AUTHOR = "Victor Rosales-Hernandez and \textbf{M. A. Nuño-Maganda} and C{\'e}sar Peregrina-Albores and N{\'e}stor Prado-Vargas",
	TITLE = "{Uranus: Una Herramienta para Prototipar Algoritmos de Procesamiento de Video}",
	BOOKTITLE = "International Conference on Reconfigurable Computing and FPGAs (ReConFig04)",
	YEAR = "2004",
	month = 9,
	note = "{ISBN 970-692-169-9}",
	pages = "311--319"
}

@InProceedings{ MarcoNuno_CongArbEsp_2011_10_00,
	AUTHOR = "Ernesto Garc{\'i}a-Amaro and \textbf{M. A. Nuño-Maganda}",
	TITLE = "{Uso de T{\'e}cnicas de Visi{\'o}n por Computadora y Aprendizaje Autom{\'a}tico para Detecci{\'o}n y Reconocimiento de Rostros}",
	YEAR = "2011",
	PAGES = "32--36",
	month = 10,
	booktitle = "Memoria del V Congreso de Innovaci{\'o}n Tecnol{\'o}gica en El{\'e}ctrica y Electr{\'o}nica",
	note = "{ISBN 978-607-7846-60-4}"
}

@InProceedings{ MarcoNuno_CongArbEsp_2012_10_00,
	AUTHOR = "Blas Huerta-S{\'a}nchez and \textbf{M. A. Nuño-Maganda} and Juan L{\'o}pez-Hernandez",
	TITLE = "{Sistema B{\'a}sico de Adquisici{\'o}n y Monitoreo de Se{\~n}ales EMG's}",
	YEAR = "2012",
	Month = 5,
	booktitle = "XXIV Encuentro Nacional de Investigaci{\'o}n Cient{\'i}fica y Tecnol{\'o}gica del Golfo de M{\'e}xico",
	PAGES = "228--235",
	note = "{{ISBN:  978-6-0795-2013-7}}"
}

@InProceedings{ MarcoNuno_CongArbEsp_2012_10_01,
	AUTHOR = "Josu{\'e} Jim{\'e}nez-Arteaga and \textbf{M. A. Nuño-Maganda}",
	TITLE = "{Implementaci{\'o}n Hardware para la Conversi{\'o}n de Espacio de Color RGB a HSL usando un FPGA}",
	YEAR = "2012",
	Month = 5,
	booktitle = "XXIV Encuentro Nacional de Investigaci{\'o}n Cient{\'i}fica y Tecnol{\'o}gica del Golfo de M{\'e}xico",
	PAGES = "31--38",
	note = "{{ISBN:  978-6-0795-2013-7}}"
}

@InProceedings{ MarcoNuno_CongArbEsp_2012_10_02,
	AUTHOR = "Arturo Mart{\'i}nez-Rodriguez and \textbf{M. A. Nuño-Maganda}",
	TITLE = "{Dise{\~n}o de una Arquitectura Hardware para Identificaci{\'o}n de Frutas por Tama{\~n}o Basado en un FPGA}",
	YEAR = "2012",
	Month = 5,
	booktitle = "XXIV Encuentro Nacional de Investigaci{\'o}n Cient{\'i}fica y Tecnol{\'o}gica del Golfo de M{\'e}xico",
	PAGES = "25--31",
	note = "{{ISBN:  978-6-0795-2013-7}}"
}

@InProceedings{ MarcoNuno_CongArbEsp_2013_10_01,
	AUTHOR = "Victor Rodriguez-Osoria and \textbf{M. A. Nuño-Maganda}",
	TITLE = "{Reconocimiento de Texto con un Sistema Embebido para un Esc{\'a}ner de Libros Autom{\'a}tico }",
	YEAR = "2013",
	Month = 10,
	booktitle = "1er. Congreso Iberoamericano de Instrumentaci{\'o}n y Ciencias Aplicadas",
	note = "{{ISBN Pendiente}}"
}


@Article{MarcoNuno_CongArbEsp_2013_11_01,
	author = "Gustavo Bujano-Guzm{\'a}n and Erick Noel P{\'e}rez-Hern{\'a}ndez and \textbf{M. A. Nuño-Maganda} and Hector Hugo Aviles-Arriaga",
	journal = "Congreso Internacional de Investigaci{\'o}n",
	title = "{Implementaci{\'o}n de un Ambiente de Simulaci{\'o}n Virtual en 3D para el Robot de Servicio SerBot I}",
	year = "2013",
	month = 11,
	volume = "5",
	number = "3",
	pages = "368--372",
	note = "{\textbf{{ISSN:1945-5351}}}"
}


@Article{MarcoNuno_CongArbEsp_2013_11_02,
	author = "Gabriela Rangel-Castillo and Karen Marleny G{\'o}mez-Esparza and \textbf{M. A. Nuño-Maganda}",
	journal = "Congreso Internacional de Investigaci{\'o}n",
	title = "{Implementaci{\'o}n de un sistema para llamado de Taxis utilizando Tel{\'e}fonos Inteligentes}",
	year = "2013",
	month = 11,
	volume = "5",
	number = "3",
	pages = "2873--2876",
	note = "{\textbf{{ISSN:1945-5351}}}"
}

@Article{MarcoNuno_CongArbEsp_2013_11_03,
	author = "Yaziel Asbai Rodr{\'i}guez-Puente and Maik Mu{\~n}iz-Hern{\'a}ndez and Daniel Osvaldo Ram{\'i}rez-Acu{\~n}a and \textbf{M. A. Nuño-Maganda}",
	journal = "Congreso Internacional de Investigaci{\'o}n",
	title = "{Monitoreo de Rutas a trav{\'e}s de GPS}",
	year = "2013",
	month = 11,
	volume = "5",
	number = "3",
	pages = "3049--3054",
	note = "{\textbf{{ISSN:1945-5351}}}"
}

@Article{MarcoNuno_CongArbEsp_2014_09_01,
	author = "Raul Humberto Pe{\~n}a González and \textbf{M. A. Nuño-Maganda}",
	title = "{Sistema de visión para la clasificación y seguimiento de vehículos en tiempo real}",
	journal = "{Avances en Tecnologías de la Información, Mecatrónica y Tecnología de los Materiales}",
	year = "2014",
	pages = "7--10",
	month = 9,
	note = "{\textbf{{ISBN: 978-607-00-8778-3}}}"
}

@Article{MarcoNuno_CongArbEsp_2014_09_02,
	author = "Luis Rodolfo García García and \textbf{M. A. Nuño-Maganda} and Yahir Hernández-Mier",
	title = "{Detección de Llantas Basada en Imágenes}",
	journal = "{Avances en Tecnologías de la Información, Mecatrónica y Tecnología de los Materiales}",
	year = "2014",
	pages = "39--42",
	month = 9,
	note = "{\textbf{{ISBN: 978-607-00-8778-3}}}"
}



@Article{MarcoNuno_CongArbEsp_2014_10_01,
	author = "Jos\'{e} Jes\'{u}s Medrano-Aguilar and H\'{e}ctor Hugo Avil\'{e}s-Arriaga and David Antonio G\'{o}mez-J\'{a}uregui and
Hiram Herrera-Rivas and Marco Aurelio Nuño-Maganda",
	title = "{Un Esquema 3D para la Descripci\'{o}n Visual de Gestos Din\'{a}micos}",
	journal = "{Ingenier\'{i}a Mecatr\'{o}nica. Proyectos y Aplicaciones}",
	year = "2014",
	pages = "117--122",
	month = 10,
	note = "{\textbf{{ISBN: 978-607-9394-00-4}}}"
}

@Article{MarcoNuno_CongArbEsp_2014_11_01,
	author = "Jaime Alberto Maganda-Carvajal and Juan Carlos Pérez-Luján and Noé Amir Rodríguez-Olivares and \textbf{M. A. Nuño-Maganda} and José Gonzalo Lugo Pérez and Antonio Saldaña-Hernández",
	title = "{Banco de Pruebas Para Filtrado y Caracterización de Señales Ultrasónicas Mediante la Transformada Continua de Wavelet}",
	journal = "{Robótica y Mecatrónica. Aportaciones de Investigadores de Instituciones de Educación Superior}",
	year = "2014",
	pages = "2--16",
	month = 11,
	note = "{\textbf{{ISBN: 978-607-495-388-6}}}"
}


%%% 2015
@Article{MarcoNuno_CongArbEsp_2015_09_01A,
	author = "María del Refugio García Chávez and Yahir Hernández Mier and \textbf{M. A. Nuño-Maganda}",
	title = "{Evaluación de algoritmos de aprendizaje máquina para la clasificación automática de cromosomas}",
	journal = "{Avances en Tecnologías de la Información, Mecatrónica y Tecnología de los Materiales II}",
	year = "2015",
	pages = "3--8",
	month = 9,
	note = "{\textbf{{ISBN: 978-1-63415-029-3}}}"
}

@Article{MarcoNuno_CongArbEsp_2015_09_01B,
	author = "Yuriria Coronado-Pérez and Hiram Herrera-Rivas and \textbf{M. A. Nuño-Maganda}",
	title = "{Evaluación de técnicas de aprendizaje automático en el procesamiento del RSSI generado por redes inalámbricas WiFi, orientado a la localización de objetivos en ambientes interiores}",
	journal = "{Avances en Tecnologías de la Información, Mecatrónica y Tecnología de los Materiales II}",
	year = "2015",
	pages = "9--14",
	month = 9,
	note = "{\textbf{{ISBN: 978-1-63415-029-3}}}"
}

@Article{MarcoNuno_CongArbEsp_2015_09_01C,
	author = "Luis Felipe Cortes Mendoza and \textbf{M. A. Nuño-Maganda}",
	title = "{Diseño e implementación de una aplicación móvil para administrar listas de compras}",
	journal = "{Avances en Tecnologías de la Información, Mecatrónica y Tecnología de los Materiales II}",
	year = "2015",
	pages = "15--20",
	month = 9,
	note = "{\textbf{{ISBN: 978-1-63415-029-3}}}"
}

@Article{MarcoNuno_CongArbEsp_2015_09_01D,
	author = "José Alberto López Montelongo and José Carlos Huerta Gutiérrez and \textbf{M. A. Nuño-Maganda}",
	title = "{Diseño e implementación de una aplicación móvil para administrar un cuaderno de tareas virtual}",
	journal = "{Avances en Tecnologías de la Información, Mecatrónica y Tecnología de los Materiales II}",
	year = "2015",
	pages = "21--26",
	month = 9,
	note = "{\textbf{{ISBN: 978-1-63415-029-3}}}"
}


@Article{MarcoNuno_CongArbEsp_2015_09_01E,
	author = "Juan Emmanuel Mendoza Morales  and Norma Priscila Rodriguez Reyes and \textbf{M. A. Nuño-Maganda}",
	title = "{Diseño e Implementación de aplicación para seguimiento de objetos mediante lecturas del sensor GPS}",
	journal = "{Avances en Tecnologías de la Información, Mecatrónica y Tecnología de los Materiales II}",
	year = "2015",
	pages = "27--32",
	month = 9,
	note = "{\textbf{{ISBN: 978-1-63415-029-3}}}"
}


@Article{MarcoNuno_CongArbEsp_2016_09_01A,
	author = "Samantha Carrizales-Villagómez and \textbf{M. A. Nuño-Maganda}",
	title = "{Sistema basado en visión por computadora para extracción de información de imágenes de recibos de compra}",
	journal = "{Avances en Tecnologías de la Información, Mecatrónica y Tecnología de los Materiales III}",
	year = "2016",
	pages = "65--70",
	month = 9
}

@Article{MarcoNuno_CongArbEsp_2016_09_01B,
	author = "Jaciel Hernández-Reséndiz and \textbf{M. A. Nuño-Maganda} and   Heidy Marin-Castro and  Said Polanco-Martagón",
	title = "{Sistema de Vídeo Vigilancia Inteligente basado en GPGPU en Ambientes Escolares}",
	journal = "{Avances en Tecnologías de la Información, Mecatrónica y Tecnología de los Materiales III}",
	year = "2016",	
	pages = "77--82",
	month = 9
}

@Article{MarcoNuno_CongArbEsp_2018_09_01,
	author = "Jesús Alejandro Paz-Villafaña and \textbf{M. A. Nuño-Maganda} and Said Polanco-Martagón",
	title = "{Redes de Función de Base Radial aplicadas a la predicción de la readmisión hospitalaria en personas diabéticas}",
	journal = "{Memorias del Congreso Internacional de Investigación Academia Journals 2018}",
	year = "2018",	
	pages = "1499--1504",
	month = 9,
	note = "{\textbf{{ISBN: 978-1-939982-40-7}}}"
}

@Article{MarcoNuno_CongArbEsp_2019_09_01,
	author = {Victor Frausto-Güereña and \textbf{M. A. Nuño-Maganda} and Yahir Hernández-Mier},
	title = {Estimación de la Tasa Metabólica Basal de las Personas Utilizando Técnicas de Inteligencia Artificial y Sensores},
	journal = {Memorias del Congreso Internacional de Investigación Academia Journals 2019},
	year = {2019},	
	pages = {927--932},
    Month  = {9},
	note = {\textbf{{ISBN:  978-939982-52-0}}}
}

@Article{MarcoNuno_CongArbEsp_2020_09_01,
	author = {José Luis Pérez-Avila and \textbf{M. A. Nuño-Maganda} and Yahir Hernández Mier and Said Polanco Martagon},
	title = {Implementación de un Sistema de Vídeo Vigilancia para Vehículos de Gama Media-Baja},
	journal = {Memorias del Congreso Internacional de Investigación Academia Journals Celaya 2020},
	year = {2020},	
	pages = {1914--1920},
    Month  = 11,
	note = {\textbf{{ISBN:  978-1-939982-63-6}}}
}

@Article{MarcoNuno_CongArbEsp_2020_12_01,
	author = {Victor Manuel Gloria Vázquez and Said Polanco Martagon and Miguel Ibarra Sanchez and \textbf{Marco Aurelio Nuño-Maganda} and Yahir Hernández Mier},
	title = {Algoritmo genético multiobjetivo para optimización topológica de una red neuronal},
	journal = {Jornada de Ciencia y Tecnología Aplicada},
	year = {2020},	
	pages = {24--30},
     Month  = 12,
	note = {\textbf{{ISBN:  En trámite}}}
}

@Article{MarcoNuno_CongArbEsp_2021_06_01,
	author = {Daniel Humberto Villatoro-Carranco and \textbf{Marco Aurelio Nuño-Maganda} and Yahir Hernández Mier and Said Polanco Martagon},
	title = {Comparación de detectores faciales para un sistema de videovigilancia de bajo costo},
	journal = {Jornada de Ciencia y Tecnología Aplicada},
	year = {2021},	
	pages = {39--45},
     Month  = 6,
	note = {\textbf{{ISBN:  En trámite}}}
}

% Capitulo de Libro
@incollection{MarcoNuno_CongArbEsp_2021_10_02,
  author      = {\textbf{M. A. Nuño-Maganda} and Jorge Arturo Hernández-Almazán and Yahir Hernández-Mier and Said Polanco-Martagón},
  title       = {Sistema de Análisis de Asistencia a Clases en Línea},
  editor      = "Etelvina Archundia-Sierra and Miguel Ángel León-Chávez and Carmen Cerón-Garnica",
  booktitle   = "Desafío de la investigación en tecnologías para la educación",
  publisher   = "Benemérita Universidad Autónoma de Puebla",
  address     = "Puebla, Puebla, México",
  year        = 2021,
  month       = 10,
  pages       = "180-194",
  chapter     = 14
}

% Capitulo de Libro publicado un año despues del congreso
@incollection{MarcoNuno_CongArbEsp_2023_07_01,
	author = {Marlly Yuleth Cantú-Charles and María Fernanda Coronado-Alejos and Daniela Estefanía Huerta-Vázquez and Annel Fernanda Uresti-Barrón and \textbf{M. A. Nuño-Maganda} and \textbf{Yahir Hernández-Mier}},
	title = {Aplicación de Procesamiento de Imágenes y Análisis de Texto para Detección de Plagio en Reportes de Proyectos},
    editor      = "Luis Bengochea-Martínez and Daniel Meziat-Luna and Raúl Palma-Mendoza",
    booktitle   = "Computación para el Desarrollo – XV Congreso",
    publisher   = "Editorial Universidad de Alcalá",
    address     = "Alcalá de Henares, España",
    year        = 2023,
    Month  = 6,
	pages = {45--50},
    note        = {ISBN:  978-84-19745-52-1}
}

% Capitulo de Libro publicado un año despues del congreso
@incollection{MarcoNuno_CongArbEsp_2023_07_02,
	author = {Froylan Melquiades Wbario-Martínez and Axel Issai Alemán-Delgado and Danely Michel-Vázquez Romo and \textbf{M. A. Nuño-Maganda} and \textbf{Yahir Hernández-Mier} and \textbf{Said Polanco-Martagón}},
	title = {Detección y Visualización de Jugadas en Tablero de Ajedrez mediante Visión por Computadora},
    editor      = "Luis Bengochea-Martínez and Daniel Meziat-Luna and Raúl Palma-Mendoza",
    booktitle   = "Computación para el Desarrollo – XV Congreso",
    publisher   = "Editorial Universidad de Alcalá",
    address     = "Alcalá de Henares, España",
    Month  = 6,
    year        = 2023,
	pages = {65--68},
    note        = {ISBN:  978-84-19745-52-1}
}


@Article{MarcoNuno_CongArbEsp_2022_11_01,
	author = {José Carlos Mar-Rangel and \textbf{M. A. Nuño-Maganda} and \textbf{Yahir Hernández-Mier} and \textbf{Said Polanco-Martagón}},
	title = {Aplicación Móvil para el Entrenamiento en Concursos de Spelling Utilizando Síntesis y Reconocimiento de Voz},
	journal = {1er Congreso Internacional de Mecatrónica, Control e Inteligencia Artificial},
	year = {2022},	
	pages = {114--117},
    Month  = 11
}


@Article{MarcoNuno_CongArbEsp_2022_11_02,
	author = {José Carlos Ávalos-Ruiz and Axel Issai Alemán-Delgado and Juan de Dios Nava-Gallardo, José Manuel Rodríguez García and Orlando Samuel Martínez Dorantes and \textbf{M. A. Nuño-Maganda} and \textbf{Yahir Hernández-Mier} and \textbf{Said Polanco-Martagón}},
	title = {Desarrollo e Implementación de una Aplicación Móvil para facilitar el Control de Asistencia a Clase},
	journal = {1er Congreso Internacional de Mecatrónica, Control e Inteligencia Artificial},
	year = {2022},	
	pages = {129--133},
    Month  = 11
}

@Article{MarcoNuno_CongArbEsp_2022_11_03,
	author = {Orlando Samuel Martínez Dorantes and Karla Yaneth Martínez Quintanilla and Jorge Eduardo Monita Rodríguez and Mariana Leilany Pineda Amador and Juan José Torres Grimaldo and \textbf{M. A. Nuño-Maganda} and \textbf{Yahir Hernández-Mier} and \textbf{Said Polanco-Martagón}},
	title = {Implementación de un Recorrido Virtual de la Universidad Politécnica de Victoria para Promoción de los programas académicos en Preparatorias},
	journal = {1er Congreso Internacional de Mecatrónica, Control e Inteligencia Artificial},
	year = {2022},	
	pages = {118--123},
    Month  = 11
}

@Article{MarcoNuno_CongArbEsp_2022_11_04,
	author = {Juan Carlos Monreal-Romero and María Fernanda Coronado-Alejos and Diana Gabriela González-Reyes and Ana Gabriela López-Reyes and Carlos Alberto Reyes-Puga and \textbf{M. A. Nuño-Maganda} and \textbf{Yahir Hernández-Mier} and \textbf{Said Polanco-Martagón}},
	title = {Desarrollo e Implementación de una Aplicación para administrar préstamos de libros y dispositivos electrónicos},
	journal = {1er Congreso Internacional de Mecatrónica, Control e Inteligencia Artificial},
	year = {2022},	
	pages = {124--128},
    Month  = 11
}

@incollection{MarcoNuno_CongArbEsp_2023_10_02A,
  author      = {Nubia Esmeralda Cantú-Sánchez and César Aldahir Flores-Gámez and José Antonio Cumpean-Morales and Francisco Gael Sustaita-Reina and Mauricio Hernández-Cepeda and \textbf{M. A. Nuño-Maganda}},
  title       = {Sistema de Simulación del Algoritmo Perceptrón para Redes Neuronales en Python},
  editor      = "María del Carmen Santiago-Díaz and Gustavo Trinidad Rubín-Linares and Yeiny Romero-Hernández and Ana Claudia Zenteno-Vázquez and Judith Pérez-Marcial",
  booktitle   = "Innovaciones de las ciencias computacionales en sistemas inteligentes y ciberseguridad",
  publisher   = "Benemérita Universidad Autónoma de Puebla",
  address     = "Puebla, Puebla, México",
  year        = 2023,
  pages       = "29-30",
  Month  = 10,
  note        = {ISBN:  978-607-8857-79-1}
}

@incollection{MarcoNuno_CongArbEsp_2023_10_02B,
  author      = {Lilian Sayli García-Puente and Kevin Alejandro Hernández-Campillo and César Zavala-López and José Emmanuel Gonzáles-Santana and \textbf{M. A. Nuño-Maganda}},
  title       = {Explorando árboles de decisión: Una herramienta interactiva para comprender el aprendizaje supervisado},
  editor      = "María del Carmen Santiago-Díaz and Gustavo Trinidad Rubín-Linares and Yeiny Romero-Hernández and Ana Claudia Zenteno-Vázquez and Judith Pérez-Marcial",
  booktitle   = "Tendencias de las ciencias computacionales en sistemas inteligentes y ciberseguridad",
  publisher   = "Benemérita Universidad Autónoma de Puebla",
  address     = "Puebla, Puebla, México",
  year        = 2023,
  Month  = 10,
  pages       = "35-44",
  note        = {ISBN:  978-607-8857-77-7}
}




% Encoding: UTF-8
@Article{ MarcoNunoRevistaNoArb_2013_03_01,
	AUTHOR = "\textbf{Marco Aurelio Nuño-Maganda} and Josu{\'e} Hel{\'i} Jim{\'e}nez-Arteaga and C{\'e}sar Torres-Huitzil and Miguel Arias Estrada",
	TITLE = "{{Sistemas Reconfigurables Aplicables a Sistemas Inteligentes}}",
	YEAR = "2013",
	month = mar,
	JOURNAL = "GAIABIT",
	PAGES = "24--30"
}

@Article{ MarcoNunoRevistaNoArb05,
	AUTHOR = "\textbf{Marco Aurelio Nuño-Maganda}",
	TITLE = "{{Plataformas de Desarrollo Did{\'a}cticas para Prototipado de Sistemas Digitales}}",
	YEAR = "2007",
	month = jun,
	JOURNAL = "Evoluci{\'o}n (Revista de Divulgaci{\'o}n del Instituto Tecnol{\'o}gio Superior de Atlixco)",
	number = "13",
	PAGES = "43--47"
}

@InProceedings{ MarcoNunoRevistaNoArb04,
	AUTHOR = "\textbf{Marco Aurelio Nuño-Maganda} and Miguel Arias-Estrada",
	TITLE = "{ Arquitectura Hardware para el Seguimiento de Objetos Utilizando Procesamiento Piramidal}",
	BOOKTITLE = "Tercer Encuentro de Investigaci{\'o}n (INAOE)",
	YEAR = "2002",
	pages = "353--356"
}

@InProceedings{ MarcoNunoRevistaNoArb03,
	AUTHOR = "\textbf{Marco Aurelio Nuño-Maganda} and Miguel Arias-Estrada and Torres-Huitzil, C{\'e}sar",
	TITLE = "{ Towards the implementation of a Parallel Architecture for Spiking Neural Networks}",
	BOOKTITLE = "Consorcio Doctoral, Encuentro Nacional de Computaci{\'o}n",
	YEAR = "2006",
	pages = "8--9"
}

@InProceedings{ MarcoNunoRevistaNoArb02,
	AUTHOR = "\textbf{Marco Aurelio Nuño-Maganda} and Miguel Arias-Estrada and Torres-Huitzil, C{\'e}sar",
	TITLE = "{ An FPGA-based Architecture for Spiking Neural Networks: Initial Steps}",
	BOOKTITLE = "S{\'e}ptimo Encuentro de Investigaci{\'o}n (INAOE)",
	YEAR = "2006",
	pages = "241--244"
}

@InProceedings{ MarcoNunoRevistaNoArb01,
	AUTHOR = "\textbf{Marco Aurelio Nuño-Maganda} and Miguel Arias-Estrada and Torres-Huitzil, C{\'e}sar",
	TITLE = "{ Hardware Implementation of SpikeProp Learning Preliminary Results}",
	BOOKTITLE = "Octavo Encuentro de Investigaci{\'o}n (INAOE)",
	YEAR = "2007",
	pages = "201--205"
}

@Comment{jabref-meta: databaseType:bibtex;}
% Revistas que no estan INDIZADAS pero que son ARBITRADAS


@Article{MarcoNuno_CongArbEsp_2022_12_01,
	author = {Dino Tonatiuh Gutierrez-Martinez and Marlly Yuleth Cantú-Charles and Jesus Eduardo Uriegas-Ibarra and \textbf{Marco Aurelio Nuño-Maganda} },
	title = {{Simulación de brazo robótico en dispositivos móviles utilizando OpenGL ES}},
	journal = {Difu100ci@, Revista De difusión científica, ingeniería Y tecnologías},
	year = {2022},	
	number=16,
	issue=3,
	pages = {1--8},
	note={\url{http://difu100cia.uaz.edu.mx/index.php/difuciencia/article/view/286}},
    Month  = {12}
}

@Article{MarcoNuno_CongArbEsp_2022_12_02,
	author = {David Josué Esquivel-Godoy and   \textbf{Marco Aurelio Nuño-Maganda} and  Yahir Hernández-Mier and  Said Polanco-Martagón},
	title = {Módulos de supervisión y automatización de un sistema hidropónico mediante lógica difusa y visión por computadora},
	journal = {Difu100ci@, Revista De difusión científica, ingeniería Y tecnologías},
	year = {2022},	
	number=16,
	issue=3,
	pages = {15--22},
	note={\url{http://difu100cia.uaz.edu.mx/index.php/difuciencia/article/view/277}},
    Month  = {12}
}


@Article{MarcoNuno_CongArbEsp_2022_12_03,
	author = {\textbf{Marco Aurelio Nuño-Maganda} and Axel Issai Alemán-Delgado  and  Isaac De Jesús Becerra-Martínez  and  Karen Lizeth García-Rivera  and  Didre Dayan Mota-González  and  Daniela Estefanía Huerta-Vázquez  and  Carlos Alejandro Reyes-Puga},
	title = {{Integración de un escanner 3D con sensores ultrasónicos y una aplicación móvil para visualización de modelos tridimensionales}},
	journal = {Difu100ci@, Revista De difusión científica, ingeniería Y tecnologías},
	year = {2022},	
	number=16,
	issue=3,
	pages = {58--64},
	note={\url{http://difu100cia.uaz.edu.mx/index.php/difuciencia/article/view/254}},
    Month  = {12}
}


% Encoding: UTF-8
@Article{ MarcoNuno_RevistaESP_2012_04_00,
	AUTHOR = "Miguel Morales-Sandoval and \textbf{Marco Aurelio Nuño-Maganda}",
	TITLE = "{Aplicaciones del Cómputo Reconfigurable: Casos de estudio en Criptografía y Visión por Computadora}",
	YEAR = "2012",
	month = apr,
	JOURNAL = "TecnoIntelecto",
	Number = "1",
	VOLUME = "9",
	note = "{\textbf{\underline{ISSN: 1665-983X}}}",
	PAGES = "26--38"
}

% NO VALE LA PENA DUPLICAR LOS ARTICULOS DE ACADEMIA JOURNALS!!!
%@Article{Revista2020_AcademiaJorrnals,
  %author  = {José Luis Pérez-Avila and Marco Aurelio Nuño Maganda and Yahir Hernández Mier and Said Polanco Martagon},
  %title   = {Implementación de un Sistema de Vídeo Vigilancia para Vehículos de Gama Media-Baja},
  %journal = {Memorias del Congreso Internacional de Investigación Academia Journals Celaya 2020},
  %year    = {2020},
  %volume  = {12},
  %number  = {8},
  %pages   = {1914--1920},
  %month   = {11},
 % issn    = {1946--5351},
%}

@Comment{jabref-meta: databaseType:bibtex;}
