% Encoding: UTF-8
@unpublished{Platica_Taller_2023axx,
    author       = {},
    title        = {Aplicaciones de Realidad Aumentada y Realidad Virtual},
    year = 2023,
    month = 11,
    day = 15,
    howpublished = {3er. Semana Nacional del Conocimiento y la Innovacion.},
    addendum     = {Ciudad Victoria, Tamaulipas, Mexico.}
}

