% This file was created with JabRef 2.10.
% Encoding: UTF-8

@InProceedings{MarcoNuno_CongArbIng_2025-10.1007/978-3-031-97907-1_20,
author="Gonz{\'a}lez-Castro, Luis Antonio
and Martag{\'o}n, Said-Polanco
and \textbf{M. A. Nuño-Maganda}
and Hern{\'a}ndez-Mier, Yahir 
and Salda{\~{n}}a-Calder{\'o}n, Christian Alejandro",
editor="Mart{\'i}nez-Villase{\~{n}}or, Lourdes
and Mart{\'i}nez-Seis, Bella
and Pichardo, Obdulia",
title="AutoML for Music Classification",
  Doi                      = {10.1007/978-3-031-97907-1_20},
  Month                    = 10,
booktitle="Artificial Intelligence -- COMIA 2025",
year="2025",
publisher="Springer Nature Switzerland",
address="Cham",
pages="257--268",
isbn="978-3-031-97907-1"
}


@InProceedings{MarcoNuno_CongArbIng_2025-10.1007/978-3-031-97907-1_21,
author="Salda{\~{n}}a-Calder{\'o}n, Christian Alejandro
and Polanco-Martag{\'o}n, Said 
and Gonz{\'a}lez-Castro, Luis Antonio
and Hern{\'a}ndez-Mier, Yahir
and \textbf{M. A. Nuño-Maganda}",
editor="Mart{\'i}nez-Villase{\~{n}}or, Lourdes
and Mart{\'i}nez-Seis, Bella
and Pichardo, Obdulia",
title="Evaluation of Audio Transformation Techniques for Pulmonary Sound Classification Using CNN and AutoML",
  Doi                      = {10.1007/978-3-031-97907-1_21},
  Month                    = 10,
booktitle="Artificial Intelligence -- COMIA 2025",
year="2025",
publisher="Springer Nature Switzerland",
address="Cham",
pages="269--281",
isbn="978-3-031-97907-1"
}




@InProceedings{MarcoNuno_CongArbIng_2005_09_00,
  Title                    = {{Real-Time FPGA-Based Architecture for Bicubic Interpolation: An Application for Digital Image Scaling}},
  Author                   = {\textbf{M. A. Nuño-Maganda} and Miguel Arias-Estrada},
  Booktitle                = {Proceedings of the 2005 International Conference on Reconfigurable Computing and FPGAs (ReConFig'05) on Reconfigurable Computing and FPGAs},
  Year                     = {2005},

  Address                  = {Puebla, M{\'e}xico},
  Month                    = 9,
  Note                     = {{\url{https://doi.org/10.1109/RECONFIG.2005.34} {ISBN: 0-7695-2456-7}}},
  Pages                    = {1--},
  Publisher                = {IEEE Computer Society},

  Acmid                    = {1115246},
  Doi                      = {10.1109/RECONFIG.2005.34},
  Url                      = {http://dl.acm.org/citation.cfm?id=1114693.1115246}
}

@InProceedings{MarcoNuno_CongArbIng_2003_12_00,
  Title                    = {{Three Video Applications using an FPGA based pyramids implementation: Tracking, Mosaics and Stabilization}},
  Author                   = {\textbf{M. A. Nuño-Maganda} and Miguel Arias-Estrada and Claudia Feregrino-Uribe},
  Booktitle                = {IEEE International Conference on Field Programmable Technology},
  Year                     = {2003},
  Month                    = 12,
  Note                     = {{\url{https://doi.org/10.1109/FPT.2003.1275771} {ISBN: 978-0-7803-8320-3}}},
  Pages                    = {336--339}
}

@InProceedings{MarcoNuno_CongArbIng_2007_02_00,
  Title                    = {{An Efficient Scalable Parallel Hardware Architecture for Multilayer Spiking Neural Networks}},
  Author                   = {\textbf{M. A. Nuño-Maganda} and Miguel Arias-Estrada and C{\'e}sar Torres-Huitzil},
  Booktitle                = {Programmable Logic, 2007. SPL '07. 2007 3rd Southern Conference on},
  Year                     = {2007},
  Month                    = 4,
  Note                     = {{\url{https://doi.org/10.1109/SPL.2007.371742} {ISBN: 1-4244-0606-4}}},
  Pages                    = {167--170},

  Doi                      = {10.1109/SPL.2007.371742},
  Keywords                 = {artificial neural network, biological plausible neuron model, digital spike-based communication scheme, learning phase, microprocessor-based software implementation, multilayer spiking neural network, neural chips, neural net architecture, neural processing, parallel architectures, parallel hardware architecture, recall phase}
}

@InProceedings{MarcoNuno_CongArbIng_2012_08_00,
  Title                    = {{A Hardware Architecture for Image Clustering using Spiking Neural Networks}},
  Author                   = {{\textbf{M. A. Nuño-Maganda}} and Miguel Arias-Estrada and C{\'e}sar Torres-Huitzil and H{\'e}ctor Aviles-Arriaga and Yahir Hern{\'a}ndez-Mier and Miguel Morales-Sandoval},
  Booktitle                = {2012 International Symposium on VLSI},
  Year                     = {2012},
  Month                    = 08,
  Note                     = {{\url{https://doi.org/10.1109/ISVLSI.2012.46} {ISBN: 978-0-7695-4767-1}}},
  Pages                    = {261--266}
}

@InProceedings{MarcoNuno_CongArbIng_2009_06_00,
  Title                    = {{Hardware implementation of spiking neural network classifiers based on backpropagation-based learning algorithms}},
  Author                   = {\textbf{M. A. Nuño-Maganda} and Miguel Arias-Estrada and C{\'e}sar Torres-Huitzil and Bernard Girau},
  Booktitle                = {Proceedings of the 2009 international joint conference on Neural Networks},
  Year                     = {2009},

  Address                  = {Piscataway, NJ, USA},
  Month                    = 6,
  Note                     = {\url{https://doi.org/10.1109/IJCNN.2009.5178912} ISBN: 978-1-4244-3549-4},
  Pages                    = {2318--2325},
  Publisher                = {IEEE Press},
  Series                   = {IJCNN'09},

  Acmid                    = {1704605},
  Location                 = {Atlanta, Georgia, USA},
  Numpages                 = {8},
  Url                      = {http://dl.acm.org/citation.cfm?id=1704555.1704605}
}

@InProceedings{MarcoNuno_CongArbIng_2010_12_00,
  Title                    = {{Using Handel-C for describing Picoprocessor Architectures}},
  Author                   = {{\textbf{M. A. Nuño-Maganda} and C{\'e}sar Torres-Huitzil and Miguel Morales-Sandoval}},
  Booktitle                = {Primer Workshop Mexicano de C{\'o}mputo Reconfigurable y sus Aplicaciones en Educaci{\'o}n e Ingenier{\'i}a},
  Year                     = {2010},
  Month                    = 12,
  Note                     = {{ISBN 987-607-00-3828-0}},
  Pages                    = {60--65}
}

@InProceedings{MarcoNuno_CongArbIng_2012_01_00,
  Title                    = {{Physician software interface for an intelligent glucose monitor}},
  Author                   = {{\textbf{M. A. Nuño-Maganda}} and Yahir Hern{\'a}ndez-Mier and Hiram Herrera-Rivas and Judith Cornejo-Barrera and Eduardo P{\'e}rez-Lainez},
  Booktitle                = {Circuits and Systems for Medical and Environmental Applications Workshop (CASME)},
  Year                     = {2012},
  Month                    = 1,
  Note                     = {{{Publicado}}}
}

@InProceedings{MarcoNuno_CongArbIng_2009_04_00,
  Title                    = {{A population coding hardware architecture for Spiking Neural Networks applications}},
  Author                   = {{\textbf{M. A. Nuño-Maganda} and Miguel Arias-Estrada and C{\'e}sar Torres-Huitzil and Bernard. Girau}},
  Booktitle                = {Programmable Logic, 2009. SPL. 5th Southern Conference on},
  Year                     = {2009},
  Month                    = 4,
  Note                     = {\url{https://doi.org/10.1109/SPL.2009.4914919} {ISBN: 978-1-4244-3846-4}},
  Pages                    = {83--88},
  Doi                      = {10.1109/SPL.2009.4914919},
  Keywords                 = {computer architecture, encoding, field programmable gate arrays, FPGA, Gaussian processes, Gaussian receptive fields, high-performance hardware architecture, neural chips, population information coding, random dataset, SpikeProp algorithm, spiking neural network}
}

@InProceedings{MarcoNuno_CongArbIng_2010_04_00,
  Title                    = {{A Temporal Coding Hardware Implementation for Spiking Neural Networks}},
  Author                   = {{\textbf{M. A. Nuño-Maganda}} and C{\'e}sar Torres-Huitzil},
  Booktitle                = {International workshop on Highly- Efficient Accelerators and Reconfigurable Technologies (HEART2010)},
  Year                     = {2010},
  Month                    = 4,
  Pages                    = {11--17}
}

@InProceedings{MarcoNuno_CongArbIng_2011_10_00,
  Title                    = {{A High Performance Hardware Architecture for Image Clustering using K-Means}},
  Author                   = {{\textbf{M. A. Nuño-Maganda}} and C{\'e}sar Torres-Huitzil and Miguel Arias-Estrada},
  Booktitle                = {Proceedings 2011 World Congress on Engineering and Technology},
  Year                     = {2011},
  Month                    = 10,
  Note                     = {{ISBN: 978-1-61284-365-0}},
  Pages                    = {467--470},
  Volume                   = {6}
}

@InProceedings{MarcoNuno_CongArbIng_2011_08_00,
  Title                    = {{A Hardware Coprocessor integrated with OpenCV for Edge Detection using Cellular Neural Networks}},
  Author                   = {\textbf{M. A. Nuño-Maganda} and C{\'e}sar Torres-Huitzil and Miguel Morales-Sandoval},
  Booktitle                = {Proceedings of the 6th International Conference on Image and Graphics (ICIG) 2011},
  Year                     = {2011},
  Month                    = 08,
  Note                     = {\url{https://doi.org/10.1109/ICIG.2011.115} {ISBN: 987-0-7695-4541-7}},
  Pages                    = {957--962}
}

@InProceedings{MarcoNuno_CongArbIng_2007_12_00,
  Title                    = {{High Performance Hardware Implementation of SpikeProp Learning: Potential and Tradeoffs}},
  Author                   = {\textbf{M. A. Nuño-Maganda} and Miguel Arias-Estrada and C\'esar Torres-Huitzil},
  Booktitle                = {Field-Programmable Technology, 2007. ICFPT 2007. International Conference on},
  Year                     = {2007},
  Month                    = 12,
  Note                     = {{\url{https://doi.org/10.1109/FPT.2007.4439241} {ISBN: 1-4244-1472-5}}},
  Pages                    = {129--136},

  Doi                      = {10.1109/FPT.2007.4439241},
  Keywords                 = {data precision, error analysis, hardware architecture, hardware-based learning rule, hardware resource consumption, learning (artificial intelligence), neural net architecture, performance statistics, SpikeProp learning, spiking neural networks}
}

@InProceedings{MarcoNuno_CongArbIng_2014_02_00,
  Title                    = {{FPGA-based Real-Time Citrus Classification System}},
  Author                   = {\textbf{M. A. Nuño-Maganda} and Yahir Hern\'andez-Mier and C\'esar Torres-Huitzil and Josu\'e Jim\'enez Arteaga},
  Booktitle                = {5th IEEE Latin American Symposium on Circuits and Systems},
  Year                     = {2014},
  Month                    = 4,
  Note                     = {{\url{https://doi.org/10.1109/LASCAS.2014.6820292} {ISBN: 978-1-4799-2507-0}}}
}

@InProceedings{MarcoNuno_CongArbIng_2005_06_00,
  Title                    = {{Real-time computer vision using FPGA based processing: Overview of INAOE activities}},
  Author                   = {Miguel Arias-Estrada and Griselda Salda{\~n}a and {\textbf{M. A. Nuño-Maganda}} and V{\'i}ctor Rosales-Hernandez and C{\'e}sar Torres-Huitzil},
  Booktitle                = {Retine Electronique, ASIC-FPGA et DSP (READ05)},
  Year                     = {2005},
  Month                    = 6,
  Pages                    = {27--32}
}

@InProceedings{MarcoNuno_CongArbIng_2015_02_00,
  Title                    = {{Robust Smartphone-based Human Activity Recognition using a Tri-axial Accelerometer}},
  Author                   = {{C{\'e}sar Torres-Huitzil and \textbf{M. A. Nuño-Maganda}}},
  Booktitle                = {6th IEEE Latin American Symposium on Circuits and Systems},
  Year                     = {2015},
  Month                    = 4,
  Note                     = {{\url{https://doi.org/10.1109/LASCAS.2015.7250435} {ISBN: 978-1-4799-8332-2}}}
}

@InProceedings{8994792,
  Title                    = {{Decision-Tree Based Pixel Classification for Real-time Citrus Segmentation on FPGA}},
  Author                   = {Ismael Antonio D{\'a}vila-Rodr{\'i}guez and Marco Aurelio Nuño-Maganda and Yahir Hern{\'a}ndez-Mier and Said Polanco-Martag{\'o}n},
  Booktitle                = {2019 International Conference on ReConFigurable Computing and FPGAs (ReConFig)},
  Year                     = {2019},
  Month                    = 10,
  Pages                    = {1-8},
  Note                     = {{\url{https://doi.org/10.1109/ReConFig48160.2019.8994792} {ISSN: 2325-6532}}},

  Doi                      = {10.1109/ReConFig48160.2019.8994792},
  ISSN                     = {2325-6532},
  Keywords                 = {Hardware architecture;Image processing;Image segmentation;FPGA;Decision tree}
}

@InProceedings{MarcoNuno_CongArbIng_2012_03_00,
  Title                    = {{Acceleration of Selective Cationic Antibacterial Peptides Computation: A Comparison of FPGA and GPU Approaches}},
  Author                   = {Dulce Garc{\'i}a-Ordaz and Miguel Arias-Estrada and \textbf{M. A. Nuño-Maganda} and Carlos Polanco-Gonz{\'a}lez and Gabriel del R{\'i}o},
  Booktitle                = {ISUM Conference Proceedings: Where Supercomputing, Science and Technologies Meet},
  Year                     = {2012},
  Month                    = 3,
  Note                     = {{{ISBN: 978-607-450-658-7}}},
  Pages                    = {124--133}
}

@InProceedings{MarcoNuno_CongArbIng_2012_02_02,
  Title                    = {{Evaluation of Machine Learning techniques for Face Detection and Recognition}},
  Author                   = {Ernesto Garc\'ia-Amaro and \textbf{M. A. Nuño-Maganda} and Miguel Morales-Sandoval},
  Booktitle                = {22nd International Conference on Electrical, Communications, and Computers},
  Year                     = {2012},
  Month                    = 4,
  Note                     = {{\url{https://doi.org/10.1109/CONIELECOMP.2012.6189911} {ISBN: 978-1-61284-1325}}},
  Pages                    = {213--218}
}

@InProceedings{MarcoNuno_CongArbIng_2011_11_00,
  Title                    = {{Initial Steps Towards an Embedded Fruit Selector}},
  Author                   = {Josu{\'e} Jim{\'e}nez-Arteaga and {\textbf{M. A. Nuño-Maganda}}},
  Booktitle                = {CERMA, Workshop on Innovation},
  Year                     = {2011},
  Month                    = 11,
  Note                     = {{ISBN: 978-0-7694-4563-8}}
}

@InProceedings{MarcoNuno_CongArbIng_2014_07_00,
  Title                    = {{Computer vision based real-time vehicle tracking and classification system}},
  Author                   = {Raul Humberto Pe{\~n}a-Gonz\'alez and \textbf{M. A. Nuño-Maganda} },
  Booktitle                = {2014 IEEE 57th International Midwest Symposium on Circuits and Systems (MWSCAS 2014)},
  Year                     = {2014},
  Month                    = 08,
  Note                     = {{\url{http://doi.org/10.1109/MWSCAS.2014.6908506}{ISBN: 978-1-4799-4132-2}}},
  Pages                    = {679--682}
}

@InCollection{MarcoNuno_CongArbIng_2014_12_00X,
  Title                    = {{Embedded Image Processing System for Automatic Page Segmentation of Open Book Images}},
  Author                   = {Rodr{\'i}guez-Osoria, Victor and \textbf{M. A. Nuño-Maganda} and Hern{\'a}ndez-Mier, Yahir and Torres-Huitzil, Cesar},
  Booktitle                = {Advances in Visual Computing},
  Publisher                = {Springer International Publishing},
  Year                     = {2014},
  Month                    = 12,
  Note                     = {{\url{http://dx.doi.org/10.1007/978-3-319-14364-4_51} {\textbf{ISBN: 978-3-319-14363-7}}}},
  Pages                    = {531-540},
  Series                   = {Lecture Notes in Computer Science},
  Volume                   = {8888},

  Doi                      = {10.1007/978-3-319-14364-4_51},
  Language                 = {English},
  Url                      = {http://dx.doi.org/10.1007/978-3-319-14364-4_51}
}

@InProceedings{MarcoNuno_CongArbIng_2012_02_00,
  Title                    = {{A Novel Strategy for Image Segmentation of Latent Fingerprints}},
  Author                   = {Eliza Ruiz-Echartea and Miguel Morales-Sandoval and \textbf{M. A. Nuño-Maganda} and Yahir Hern\'andez-Mier},
  Booktitle                = {22nd International Conference on Electrical, Communications, and Computers},
  Year                     = {2012},
  Month                    = 4,
  Note                     = {{\url{https://doi.org/10.1109/CONIELECOMP.2012.6189908} {ISBN: 978-1-61284-1325}}},
  Pages                    = {196--201}
}

@InProceedings{MarcoNuno_CongArbIng_2014_06_00,
  Title                    = {{Area-time efficient implementation of local adaptive image thresholding in reconfigurable hardware}},
  Author                   = {Cesar Torres-Huitzil and {\textbf{M. A. Nuño-Maganda}} },
  Booktitle                = {The 5th International Symposium on Highly Efficient Accelerators and Reconfigurable Technologies (HEART)},
  Year                     = {2014},
  Month                    = 6
}

@InProceedings{MarcoNuno_CongArbIng_2012_02_01,
  Title                    = {{Elliptic Curve Cryptography on Windows CE devices}},
  Author                   = {Adriana Trujillo-V\'azquez and Miguel Morales-Sandoval and \textbf{M. A. Nuño-Maganda} and Manuel Ruiz-M\'endez},
  Booktitle                = {22nd International Conference on Electrical, Communications, and Computers},
  Year                     = {2012},
  Month                    = 4,
  Note                     = {\url{https://doi.org/10.1109/CONIELECOMP.2012.6189913} {ISBN: 978-1-61284-1325}},
  Pages                    = {224--229}
}

