@InProceedings{ MarcoNuno_CongArbEsp_2003_05_00,
	AUTHOR = "\textbf{M. A. Nuño-Maganda} and Miguel Arias-Estrada",
	TITLE = "{Arquitectura Hardware para el Seguimiento de Objetos Utilizando Procesamiento Piramidal}",
	BOOKTITLE = "Avances en la ciencia de la computaci{\'o}n en M{\'e}xico",
	YEAR = "2003",
	month = 5,
	pages = "198--208",
	SERIES = "Research on Computing Science",
	note = "{{ISBN:  970-36-0026-3}}",
	VOLUME = "2"
}

@InProceedings{ MarcoNuno_CongArbEsp_2003_09_00,
	AUTHOR = "\textbf{M. A. Nuño-Maganda} and Miguel Arias-Estrada and Claudia Feregrino-Uribe",
	TITLE = "{Implementaci{\'o}n Hardware de Aplicaciones de la Pir{\'a}mide}",
	BOOKTITLE = "IV Congreso Internacional en Ciencias de la Computaci{\'o}n: Avances en Ciencias de la Computaci{\'o}n ",
	YEAR = "2003",
	pages = "83--89",
	month = 9,
	VOLUME = "2"
}

@InProceedings{ MarcoNuno_CongArbEsp_2004_09_00,
	AUTHOR = "Victor Rosales-Hernandez and \textbf{M. A. Nuño-Maganda} and C{\'e}sar Peregrina-Albores and N{\'e}stor Prado-Vargas",
	TITLE = "{Uranus: Una Herramienta para Prototipar Algoritmos de Procesamiento de Video}",
	BOOKTITLE = "International Conference on Reconfigurable Computing and FPGAs (ReConFig04)",
	YEAR = "2004",
	month = 9,
	note = "{ISBN 970-692-169-9}",
	pages = "311--319"
}

@InProceedings{ MarcoNuno_CongArbEsp_2011_10_00,
	AUTHOR = "Ernesto Garc{\'i}a-Amaro and \textbf{M. A. Nuño-Maganda}",
	TITLE = "{Uso de T{\'e}cnicas de Visi{\'o}n por Computadora y Aprendizaje Autom{\'a}tico para Detecci{\'o}n y Reconocimiento de Rostros}",
	YEAR = "2011",
	PAGES = "32--36",
	month = 10,
	booktitle = "Memoria del V Congreso de Innovaci{\'o}n Tecnol{\'o}gica en El{\'e}ctrica y Electr{\'o}nica",
	note = "{ISBN 978-607-7846-60-4}"
}

@InProceedings{ MarcoNuno_CongArbEsp_2012_10_00,
	AUTHOR = "Blas Huerta-S{\'a}nchez and \textbf{M. A. Nuño-Maganda} and Juan L{\'o}pez-Hernandez",
	TITLE = "{Sistema B{\'a}sico de Adquisici{\'o}n y Monitoreo de Se{\~n}ales EMG's}",
	YEAR = "2012",
	Month = 5,
	booktitle = "XXIV Encuentro Nacional de Investigaci{\'o}n Cient{\'i}fica y Tecnol{\'o}gica del Golfo de M{\'e}xico",
	PAGES = "228--235",
	note = "{{ISBN:  978-6-0795-2013-7}}"
}

@InProceedings{ MarcoNuno_CongArbEsp_2012_10_01,
	AUTHOR = "Josu{\'e} Jim{\'e}nez-Arteaga and \textbf{M. A. Nuño-Maganda}",
	TITLE = "{Implementaci{\'o}n Hardware para la Conversi{\'o}n de Espacio de Color RGB a HSL usando un FPGA}",
	YEAR = "2012",
	Month = 5,
	booktitle = "XXIV Encuentro Nacional de Investigaci{\'o}n Cient{\'i}fica y Tecnol{\'o}gica del Golfo de M{\'e}xico",
	PAGES = "31--38",
	note = "{{ISBN:  978-6-0795-2013-7}}"
}

@InProceedings{ MarcoNuno_CongArbEsp_2012_10_02,
	AUTHOR = "Arturo Mart{\'i}nez-Rodriguez and \textbf{M. A. Nuño-Maganda}",
	TITLE = "{Dise{\~n}o de una Arquitectura Hardware para Identificaci{\'o}n de Frutas por Tama{\~n}o Basado en un FPGA}",
	YEAR = "2012",
	Month = 5,
	booktitle = "XXIV Encuentro Nacional de Investigaci{\'o}n Cient{\'i}fica y Tecnol{\'o}gica del Golfo de M{\'e}xico",
	PAGES = "25--31",
	note = "{{ISBN:  978-6-0795-2013-7}}"
}

@InProceedings{ MarcoNuno_CongArbEsp_2013_10_01,
	AUTHOR = "Victor Rodriguez-Osoria and \textbf{M. A. Nuño-Maganda}",
	TITLE = "{Reconocimiento de Texto con un Sistema Embebido para un Esc{\'a}ner de Libros Autom{\'a}tico }",
	YEAR = "2013",
	Month = 10,
	booktitle = "1er. Congreso Iberoamericano de Instrumentaci{\'o}n y Ciencias Aplicadas",
	note = "{{ISBN Pendiente}}"
}


@Article{MarcoNuno_CongArbEsp_2013_11_01,
	author = "Gustavo Bujano-Guzm{\'a}n and Erick Noel P{\'e}rez-Hern{\'a}ndez and \textbf{M. A. Nuño-Maganda} and Hector Hugo Aviles-Arriaga",
	journal = "Congreso Internacional de Investigaci{\'o}n",
	title = "{Implementaci{\'o}n de un Ambiente de Simulaci{\'o}n Virtual en 3D para el Robot de Servicio SerBot I}",
	year = "2013",
	month = 11,
	volume = "5",
	number = "3",
	pages = "368--372",
	note = "{\textbf{{ISSN:1945-5351}}}"
}


@Article{MarcoNuno_CongArbEsp_2013_11_02,
	author = "Gabriela Rangel-Castillo and Karen Marleny G{\'o}mez-Esparza and \textbf{M. A. Nuño-Maganda}",
	journal = "Congreso Internacional de Investigaci{\'o}n",
	title = "{Implementaci{\'o}n de un sistema para llamado de Taxis utilizando Tel{\'e}fonos Inteligentes}",
	year = "2013",
	month = 11,
	volume = "5",
	number = "3",
	pages = "2873--2876",
	note = "{\textbf{{ISSN:1945-5351}}}"
}

@Article{MarcoNuno_CongArbEsp_2013_11_03,
	author = "Yaziel Asbai Rodr{\'i}guez-Puente and Maik Mu{\~n}iz-Hern{\'a}ndez and Daniel Osvaldo Ram{\'i}rez-Acu{\~n}a and \textbf{M. A. Nuño-Maganda}",
	journal = "Congreso Internacional de Investigaci{\'o}n",
	title = "{Monitoreo de Rutas a trav{\'e}s de GPS}",
	year = "2013",
	month = 11,
	volume = "5",
	number = "3",
	pages = "3049--3054",
	note = "{\textbf{{ISSN:1945-5351}}}"
}

@Article{MarcoNuno_CongArbEsp_2014_09_01,
	author = "Raul Humberto Pe{\~n}a González and \textbf{M. A. Nuño-Maganda}",
	title = "{Sistema de visión para la clasificación y seguimiento de vehículos en tiempo real}",
	journal = "{Avances en Tecnologías de la Información, Mecatrónica y Tecnología de los Materiales}",
	year = "2014",
	pages = "7--10",
	month = 9,
	note = "{\textbf{{ISBN: 978-607-00-8778-3}}}"
}

@Article{MarcoNuno_CongArbEsp_2014_09_02,
	author = "Luis Rodolfo García García and \textbf{M. A. Nuño-Maganda} and Yahir Hernández-Mier",
	title = "{Detección de Llantas Basada en Imágenes}",
	journal = "{Avances en Tecnologías de la Información, Mecatrónica y Tecnología de los Materiales}",
	year = "2014",
	pages = "39--42",
	month = 9,
	note = "{\textbf{{ISBN: 978-607-00-8778-3}}}"
}



@Article{MarcoNuno_CongArbEsp_2014_10_01,
	author = "Jos\'{e} Jes\'{u}s Medrano-Aguilar and H\'{e}ctor Hugo Avil\'{e}s-Arriaga and David Antonio G\'{o}mez-J\'{a}uregui and
Hiram Herrera-Rivas and Marco Aurelio Nuño-Maganda",
	title = "{Un Esquema 3D para la Descripci\'{o}n Visual de Gestos Din\'{a}micos}",
	journal = "{Ingenier\'{i}a Mecatr\'{o}nica. Proyectos y Aplicaciones}",
	year = "2014",
	pages = "117--122",
	month = 10,
	note = "{\textbf{{ISBN: 978-607-9394-00-4}}}"
}

@Article{MarcoNuno_CongArbEsp_2014_11_01,
	author = "Jaime Alberto Maganda-Carvajal and Juan Carlos Pérez-Luján and Noé Amir Rodríguez-Olivares and \textbf{M. A. Nuño-Maganda} and José Gonzalo Lugo Pérez and Antonio Saldaña-Hernández",
	title = "{Banco de Pruebas Para Filtrado y Caracterización de Señales Ultrasónicas Mediante la Transformada Continua de Wavelet}",
	journal = "{Robótica y Mecatrónica. Aportaciones de Investigadores de Instituciones de Educación Superior}",
	year = "2014",
	pages = "2--16",
	month = 11,
	note = "{\textbf{{ISBN: 978-607-495-388-6}}}"
}


%%% 2015
@Article{MarcoNuno_CongArbEsp_2015_09_01A,
	author = "María del Refugio García Chávez and Yahir Hernández Mier and \textbf{M. A. Nuño-Maganda}",
	title = "{Evaluación de algoritmos de aprendizaje máquina para la clasificación automática de cromosomas}",
	journal = "{Avances en Tecnologías de la Información, Mecatrónica y Tecnología de los Materiales II}",
	year = "2015",
	pages = "3--8",
	month = 9,
	note = "{\textbf{{ISBN: 978-1-63415-029-3}}}"
}

@Article{MarcoNuno_CongArbEsp_2015_09_01B,
	author = "Yuriria Coronado-Pérez and Hiram Herrera-Rivas and \textbf{M. A. Nuño-Maganda}",
	title = "{Evaluación de técnicas de aprendizaje automático en el procesamiento del RSSI generado por redes inalámbricas WiFi, orientado a la localización de objetivos en ambientes interiores}",
	journal = "{Avances en Tecnologías de la Información, Mecatrónica y Tecnología de los Materiales II}",
	year = "2015",
	pages = "9--14",
	month = 9,
	note = "{\textbf{{ISBN: 978-1-63415-029-3}}}"
}

@Article{MarcoNuno_CongArbEsp_2015_09_01C,
	author = "Luis Felipe Cortes Mendoza and \textbf{M. A. Nuño-Maganda}",
	title = "{Diseño e implementación de una aplicación móvil para administrar listas de compras}",
	journal = "{Avances en Tecnologías de la Información, Mecatrónica y Tecnología de los Materiales II}",
	year = "2015",
	pages = "15--20",
	month = 9,
	note = "{\textbf{{ISBN: 978-1-63415-029-3}}}"
}

@Article{MarcoNuno_CongArbEsp_2015_09_01D,
	author = "José Alberto López Montelongo and José Carlos Huerta Gutiérrez and \textbf{M. A. Nuño-Maganda}",
	title = "{Diseño e implementación de una aplicación móvil para administrar un cuaderno de tareas virtual}",
	journal = "{Avances en Tecnologías de la Información, Mecatrónica y Tecnología de los Materiales II}",
	year = "2015",
	pages = "21--26",
	month = 9,
	note = "{\textbf{{ISBN: 978-1-63415-029-3}}}"
}


@Article{MarcoNuno_CongArbEsp_2015_09_01E,
	author = "Juan Emmanuel Mendoza Morales  and Norma Priscila Rodriguez Reyes and \textbf{M. A. Nuño-Maganda}",
	title = "{Diseño e Implementación de aplicación para seguimiento de objetos mediante lecturas del sensor GPS}",
	journal = "{Avances en Tecnologías de la Información, Mecatrónica y Tecnología de los Materiales II}",
	year = "2015",
	pages = "27--32",
	month = 9,
	note = "{\textbf{{ISBN: 978-1-63415-029-3}}}"
}


@Article{MarcoNuno_CongArbEsp_2016_09_01A,
	author = "Samantha Carrizales-Villagómez and \textbf{M. A. Nuño-Maganda}",
	title = "{Sistema basado en visión por computadora para extracción de información de imágenes de recibos de compra}",
	journal = "{Avances en Tecnologías de la Información, Mecatrónica y Tecnología de los Materiales III}",
	year = "2016",
	pages = "65--70",
	month = 9
}

@Article{MarcoNuno_CongArbEsp_2016_09_01B,
	author = "Jaciel Hernández-Reséndiz and \textbf{M. A. Nuño-Maganda} and   Heidy Marin-Castro and  Said Polanco-Martagón",
	title = "{Sistema de Vídeo Vigilancia Inteligente basado en GPGPU en Ambientes Escolares}",
	journal = "{Avances en Tecnologías de la Información, Mecatrónica y Tecnología de los Materiales III}",
	year = "2016",	
	pages = "77--82",
	month = 9
}

@Article{MarcoNuno_CongArbEsp_2018_09_01,
	author = "Jesús Alejandro Paz-Villafaña and \textbf{M. A. Nuño-Maganda} and Said Polanco-Martagón",
	title = "{Redes de Función de Base Radial aplicadas a la predicción de la readmisión hospitalaria en personas diabéticas}",
	journal = "{Memorias del Congreso Internacional de Investigación Academia Journals 2018}",
	year = "2018",	
	pages = "1499--1504",
	month = 9,
	note = "{\textbf{{ISBN: 978-1-939982-40-7}}}"
}

@Article{MarcoNuno_CongArbEsp_2019_09_01,
	author = {Victor Frausto-Güereña and \textbf{M. A. Nuño-Maganda} and Yahir Hernández-Mier},
	title = {Estimación de la Tasa Metabólica Basal de las Personas Utilizando Técnicas de Inteligencia Artificial y Sensores},
	journal = {Memorias del Congreso Internacional de Investigación Academia Journals 2019},
	year = {2019},	
	pages = {927--932},
    Month  = {9},
	note = {\textbf{{ISBN:  978-939982-52-0}}}
}

@Article{MarcoNuno_CongArbEsp_2020_09_01,
	author = {José Luis Pérez-Avila and \textbf{M. A. Nuño-Maganda} and Yahir Hernández Mier and Said Polanco Martagon},
	title = {Implementación de un Sistema de Vídeo Vigilancia para Vehículos de Gama Media-Baja},
	journal = {Memorias del Congreso Internacional de Investigación Academia Journals Celaya 2020},
	year = {2020},	
	pages = {1914--1920},
    Month  = 11,
	note = {\textbf{{ISBN:  978-1-939982-63-6}}}
}

@Article{MarcoNuno_CongArbEsp_2020_12_01,
	author = {Victor Manuel Gloria Vázquez and Said Polanco Martagon and Miguel Ibarra Sanchez and \textbf{Marco Aurelio Nuño-Maganda} and Yahir Hernández Mier},
	title = {Algoritmo genético multiobjetivo para optimización topológica de una red neuronal},
	journal = {Jornada de Ciencia y Tecnología Aplicada},
	year = {2020},	
	pages = {24--30},
     Month  = 12,
	note = {\textbf{{ISBN:  En trámite}}}
}

@Article{MarcoNuno_CongArbEsp_2021_06_01,
	author = {Daniel Humberto Villatoro-Carranco and \textbf{Marco Aurelio Nuño-Maganda} and Yahir Hernández Mier and Said Polanco Martagon},
	title = {Comparación de detectores faciales para un sistema de videovigilancia de bajo costo},
	journal = {Jornada de Ciencia y Tecnología Aplicada},
	year = {2021},	
	pages = {39--45},
     Month  = 6,
	note = {\textbf{{ISBN:  En trámite}}}
}

% Capitulo de Libro
@incollection{MarcoNuno_CongArbEsp_2021_10_02,
  author      = {\textbf{M. A. Nuño-Maganda} and Jorge Arturo Hernández-Almazán and Yahir Hernández-Mier and Said Polanco-Martagón},
  title       = {Sistema de Análisis de Asistencia a Clases en Línea},
  editor      = "Etelvina Archundia-Sierra and Miguel Ángel León-Chávez and Carmen Cerón-Garnica",
  booktitle   = "Desafío de la investigación en tecnologías para la educación",
  publisher   = "Benemérita Universidad Autónoma de Puebla",
  address     = "Puebla, Puebla, México",
  year        = 2021,
  month       = 10,
  pages       = "180-194",
  chapter     = 14
}

% Capitulo de Libro publicado un año despues del congreso
@incollection{MarcoNuno_CongArbEsp_2023_07_01,
	author = {Marlly Yuleth Cantú-Charles and María Fernanda Coronado-Alejos and Daniela Estefanía Huerta-Vázquez and Annel Fernanda Uresti-Barrón and \textbf{M. A. Nuño-Maganda} and \textbf{Yahir Hernández-Mier}},
	title = {Aplicación de Procesamiento de Imágenes y Análisis de Texto para Detección de Plagio en Reportes de Proyectos},
    editor      = "Luis Bengochea-Martínez and Daniel Meziat-Luna and Raúl Palma-Mendoza",
    booktitle   = "Computación para el Desarrollo – XV Congreso",
    publisher   = "Editorial Universidad de Alcalá",
    address     = "Alcalá de Henares, España",
    year        = 2023,
    Month  = 6,
	pages = {45--50},
    note        = {ISBN:  978-84-19745-52-1}
}

% Capitulo de Libro publicado un año despues del congreso
@incollection{MarcoNuno_CongArbEsp_2023_07_02,
	author = {Froylan Melquiades Wbario-Martínez and Axel Issai Alemán-Delgado and Danely Michel-Vázquez Romo and \textbf{M. A. Nuño-Maganda} and \textbf{Yahir Hernández-Mier} and \textbf{Said Polanco-Martagón}},
	title = {Detección y Visualización de Jugadas en Tablero de Ajedrez mediante Visión por Computadora},
    editor      = "Luis Bengochea-Martínez and Daniel Meziat-Luna and Raúl Palma-Mendoza",
    booktitle   = "Computación para el Desarrollo – XV Congreso",
    publisher   = "Editorial Universidad de Alcalá",
    address     = "Alcalá de Henares, España",
    Month  = 6,
    year        = 2023,
	pages = {65--68},
    note        = {ISBN:  978-84-19745-52-1}
}


@Article{MarcoNuno_CongArbEsp_2022_11_01,
	author = {José Carlos Mar-Rangel and \textbf{M. A. Nuño-Maganda} and \textbf{Yahir Hernández-Mier} and \textbf{Said Polanco-Martagón}},
	title = {Aplicación Móvil para el Entrenamiento en Concursos de Spelling Utilizando Síntesis y Reconocimiento de Voz},
	journal = {1er Congreso Internacional de Mecatrónica, Control e Inteligencia Artificial},
	year = {2022},	
	pages = {114--117},
    Month  = 11
}


@Article{MarcoNuno_CongArbEsp_2022_11_02,
	author = {José Carlos Ávalos-Ruiz and Axel Issai Alemán-Delgado and Juan de Dios Nava-Gallardo, José Manuel Rodríguez García and Orlando Samuel Martínez Dorantes and \textbf{M. A. Nuño-Maganda} and \textbf{Yahir Hernández-Mier} and \textbf{Said Polanco-Martagón}},
	title = {Desarrollo e Implementación de una Aplicación Móvil para facilitar el Control de Asistencia a Clase},
	journal = {1er Congreso Internacional de Mecatrónica, Control e Inteligencia Artificial},
	year = {2022},	
	pages = {129--133},
    Month  = 11
}

@Article{MarcoNuno_CongArbEsp_2022_11_03,
	author = {Orlando Samuel Martínez Dorantes and Karla Yaneth Martínez Quintanilla and Jorge Eduardo Monita Rodríguez and Mariana Leilany Pineda Amador and Juan José Torres Grimaldo and \textbf{M. A. Nuño-Maganda} and \textbf{Yahir Hernández-Mier} and \textbf{Said Polanco-Martagón}},
	title = {Implementación de un Recorrido Virtual de la Universidad Politécnica de Victoria para Promoción de los programas académicos en Preparatorias},
	journal = {1er Congreso Internacional de Mecatrónica, Control e Inteligencia Artificial},
	year = {2022},	
	pages = {118--123},
    Month  = 11
}

@Article{MarcoNuno_CongArbEsp_2022_11_04,
	author = {Juan Carlos Monreal-Romero and María Fernanda Coronado-Alejos and Diana Gabriela González-Reyes and Ana Gabriela López-Reyes and Carlos Alberto Reyes-Puga and \textbf{M. A. Nuño-Maganda} and \textbf{Yahir Hernández-Mier} and \textbf{Said Polanco-Martagón}},
	title = {Desarrollo e Implementación de una Aplicación para administrar préstamos de libros y dispositivos electrónicos},
	journal = {1er Congreso Internacional de Mecatrónica, Control e Inteligencia Artificial},
	year = {2022},	
	pages = {124--128},
    Month  = 11
}

@incollection{MarcoNuno_CongArbEsp_2023_10_02A,
  author      = {Nubia Esmeralda Cantú-Sánchez and César Aldahir Flores-Gámez and José Antonio Cumpean-Morales and Francisco Gael Sustaita-Reina and Mauricio Hernández-Cepeda and \textbf{M. A. Nuño-Maganda}},
  title       = {Sistema de Simulación del Algoritmo Perceptrón para Redes Neuronales en Python},
  editor      = "María del Carmen Santiago-Díaz and Gustavo Trinidad Rubín-Linares and Yeiny Romero-Hernández and Ana Claudia Zenteno-Vázquez and Judith Pérez-Marcial",
  booktitle   = "Innovaciones de las ciencias computacionales en sistemas inteligentes y ciberseguridad",
  publisher   = "Benemérita Universidad Autónoma de Puebla",
  address     = "Puebla, Puebla, México",
  year        = 2023,
  pages       = "29-30",
  Month  = 10,
  note        = {ISBN:  978-607-8857-79-1}
}

@incollection{MarcoNuno_CongArbEsp_2023_10_02B,
  author      = {Lilian Sayli García-Puente and Kevin Alejandro Hernández-Campillo and César Zavala-López and José Emmanuel Gonzáles-Santana and \textbf{M. A. Nuño-Maganda}},
  title       = {Explorando árboles de decisión: Una herramienta interactiva para comprender el aprendizaje supervisado},
  editor      = "María del Carmen Santiago-Díaz and Gustavo Trinidad Rubín-Linares and Yeiny Romero-Hernández and Ana Claudia Zenteno-Vázquez and Judith Pérez-Marcial",
  booktitle   = "Tendencias de las ciencias computacionales en sistemas inteligentes y ciberseguridad",
  publisher   = "Benemérita Universidad Autónoma de Puebla",
  address     = "Puebla, Puebla, México",
  year        = 2023,
  Month  = 10,
  pages       = "35-44",
  note        = {ISBN:  978-607-8857-77-7}
}




