% Encoding: UTF-8
@InProceedings{ MarcoNuno_CongArbEsp_2003_05_00,
	AUTHOR = "\textbf{Marco Aurelio Nuño-Maganda} and Miguel Arias-Estrada",
	TITLE = "{Arquitectura Hardware para el Seguimiento de Objetos Utilizando Procesamiento Piramidal}",
	BOOKTITLE = "Avances en la ciencia de la computaci{\'o}n en M{\'e}xico",
	YEAR = "2003",
	month = May,
	pages = "198--208",
	SERIES = "Research on Computing Science",
	note = "{\underline{ISBN: 970-36-0026-3}}",
	VOLUME = "2"
}

@InProceedings{ MarcoNuno_CongArbEsp_2003_09_00,
	AUTHOR = "\textbf{Marco Aurelio Nuño-Maganda} and Miguel Arias-Estrada and Claudia Feregrino-Uribe",
	TITLE = "{Implementaci{\'o}n Hardware de Aplicaciones de la Pir{\'a}mide}",
	BOOKTITLE = "IV Congreso Internacional en Ciencias de la Computaci{\'o}n: Avances en Ciencias de la Computaci{\'o}n ",
	YEAR = "2003",
	pages = "83--89",
	month = sep,
	VOLUME = "2"
}

@InProceedings{ MarcoNuno_CongArbEsp_2004_09_00,
	AUTHOR = "Victor Rosales-Hernandez and \textbf{Marco Aurelio Nuño-Maganda} and C{\'e}sar Peregrina-Albores and N{\'e}stor Prado-Vargas",
	TITLE = "{Uranus: Una Herramienta para Prototipar Algoritmos de Procesamiento de Video}",
	BOOKTITLE = "International Conference on Reconfigurable Computing and FPGAs (ReConFig04)",
	YEAR = "2004",
	month = sep,
	note = "\underline{ISBN 970-692-169-9}",
	pages = "311--319"
}

@InProceedings{ MarcoNuno_CongArbEsp_2011_10_00,
	AUTHOR = "Ernesto Garc{\'i}a-Amaro and \textbf{Marco Aurelio Nuño-Maganda}",
	TITLE = "{Uso de T{\'e}cnicas de Visi{\'o}n por Computadora y Aprendizaje Autom{\'a}tico para Detecci{\'o}n y Reconocimiento de Rostros}",
	YEAR = "2011",
	PAGES = "32--36",
	month = oct,
	booktitle = "Memoria del V Congreso de Innovaci{\'o}n Tecnol{\'o}gica en El{\'e}ctrica y Electr{\'o}nica",
	note = "\underline{ISBN 978-607-7846-60-4}"
}

@InProceedings{ MarcoNuno_CongArbEsp_2012_10_00,
	AUTHOR = "Blas Huerta-S{\'a}nchez and \textbf{Marco Aurelio Nuño-Maganda} and Juan L{\'o}pez-Hernandez",
	TITLE = "{Sistema B{\'a}sico de Adquisici{\'o}n y Monitoreo de Se{\~n}ales EMG's}",
	YEAR = "2012",
	Month = may,
	booktitle = "XXIV Encuentro Nacional de Investigaci{\'o}n Cient{\'i}fica y Tecnol{\'o}gica del Golfo de M{\'e}xico",
	PAGES = "228--235",
	note = "{\underline{ISBN: 978-6-0795-2013-7}}"
}

@InProceedings{ MarcoNuno_CongArbEsp_2012_10_01,
	AUTHOR = "Josu{\'e} Jim{\'e}nez-Arteaga and \textbf{Marco Aurelio Nuño-Maganda}",
	TITLE = "{Implementaci{\'o}n Hardware para la Conversi{\'o}n de Espacio de Color RGB a HSL usando un FPGA}",
	YEAR = "2012",
	Month = may,
	booktitle = "XXIV Encuentro Nacional de Investigaci{\'o}n Cient{\'i}fica y Tecnol{\'o}gica del Golfo de M{\'e}xico",
	PAGES = "31--38",
	note = "{\underline{ISBN: 978-6-0795-2013-7}}"
}

@InProceedings{ MarcoNuno_CongArbEsp_2012_10_02,
	AUTHOR = "Arturo Mart{\'i}nez-Rodriguez and \textbf{Marco Aurelio Nuño-Maganda}",
	TITLE = "{Dise{\~n}o de una Arquitectura Hardware para Identificaci{\'o}n de Frutas por Tama{\~n}o Basado en un FPGA}",
	YEAR = "2012",
	Month = may,
	booktitle = "XXIV Encuentro Nacional de Investigaci{\'o}n Cient{\'i}fica y Tecnol{\'o}gica del Golfo de M{\'e}xico",
	PAGES = "25--31",
	note = "{\underline{ISBN: 978-6-0795-2013-7}}"
}

@InProceedings{ MarcoNuno_CongArbEsp_2013_10_01,
	AUTHOR = "Victor Rodriguez-Osoria and \textbf{Marco Aurelio Nuño-Maganda}",
	TITLE = "{Reconocimiento de Texto con un Sistema Embebido para un Esc{\'a}ner de Libros Autom{\'a}tico }",
	YEAR = "2013",
	Month = oct,
	booktitle = "1er. Congreso Iberoamericano de Instrumentaci{\'o}n y Ciencias Aplicadas",
	note = "{\underline{ISBN Pendiente}}"
}


@Article{MarcoNuno_CongArbEsp_2013_11_01,
	author = "Gustavo Bujano-Guzm{\'a}n and Erick Noel P{\'e}rez-Hern{\'a}ndez and \textbf{Marco Aurelio Nuño-Maganda} and Hector Hugo Aviles-Arriaga",
	journal = "Congreso Internacional de Investigaci{\'o}n",
	title = "{Implementaci{\'o}n de un Ambiente de Simulaci{\'o}n Virtual en 3D para el Robot de Servicio SerBot I}",
	year = "2013",
	month = nov,
	volume = "5",
	number = "3",
	pages = "368--372",
	note = "{\textbf{\underline{ISSN:1945-5351}}}"
}


@Article{MarcoNuno_CongArbEsp_2013_11_02,
	author = "Gabriela Rangel-Castillo and Karen Marleny G{\'o}mez-Esparza and \textbf{Marco Aurelio Nuño-Maganda}",
	journal = "Congreso Internacional de Investigaci{\'o}n",
	title = "{Implementaci{\'o}n de un sistema para llamado de Taxis utilizando Tel{\'e}fonos Inteligentes}",
	year = "2013",
	month = nov,
	volume = "5",
	number = "3",
	pages = "2873--2876",
	note = "{\textbf{\underline{ISSN:1945-5351}}}"
}

@Article{MarcoNuno_CongArbEsp_2013_11_03,
	author = "Yaziel Asbai Rodr{\'i}guez-Puente and Maik Mu{\~n}iz-Hern{\'a}ndez and Daniel Osvaldo Ram{\'i}rez-Acu{\~n}a and \textbf{Marco Aurelio Nuño-Maganda}",
	journal = "Congreso Internacional de Investigaci{\'o}n",
	title = "{Monitoreo de Rutas a trav{\'e}s de GPS}",
	year = "2013",
	month = nov,
	volume = "5",
	number = "3",
	pages = "3049--3054",
	note = "{\textbf{\underline{ISSN:1945-5351}}}"
}

@Article{MarcoNuno_CongArbEsp_2014_09_01,
	author = "Raul Humberto Pe{\~n}a González and \textbf{Marco Aurelio Nuño-Maganda}",
	title = "{Sistema de visión para la clasificación y seguimiento de vehículos en tiempo real}",
	journal = "{Avances en Tecnologías de la Información, Mecatrónica y Tecnología de los Materiales}",
	year = "2014",
	pages = "7--10",
	month = sep,
	note = "{\textbf{\underline{ISBN:978-607-00-8778-3}}}"
}

@Article{MarcoNuno_CongArbEsp_2014_09_02,
	author = "Luis Rodolfo García García and \textbf{Marco Aurelio Nuño-Maganda} and Yahir Hernández-Mier",
	title = "{Detección de Llantas Basada en Imágenes}",
	journal = "{Avances en Tecnologías de la Información, Mecatrónica y Tecnología de los Materiales}",
	year = "2014",
	pages = "39--42",
	month = sep,
	note = "{\textbf{\underline{ISBN:978-607-00-8778-3}}}"
}



@Article{MarcoNuno_CongArbEsp_2014_10_01,
	author = "Jos\'{e} Jes\'{u}s Medrano-Aguilar and H\'{e}ctor Hugo Avil\'{e}s-Arriaga and David Antonio G\'{o}mez-J\'{a}uregui and
Hiram Herrera-Rivas and Marco Aurelio Nu\~{n}o-Maganda",
	title = "{Un Esquema 3D para la Descripci\'{o}n Visual de Gestos Din\'{a}micos}",
	journal = "{Ingenier\'{i}a Mecatr\'{o}nica. Proyectos y Aplicaciones}",
	year = "2014",
	pages = "117--122",
	month = oct,
	note = "{\textbf{\underline{ISBN:978-607-9394-00-4}}}"
}

@Article{MarcoNuno_CongArbEsp_2014_11_01,
	author = "Jaime Alberto Maganda-Carvajal and Juan Carlos Pérez-Luján and Noé Amir Rodríguez-Olivares and \textbf{Marco Aurelio Nuño-Maganda} and José Gonzalo Lugo Pérez and Antonio Saldaña-Hernández",
	title = "{Banco de Pruebas Para Filtrado y Caracterización de Señales Ultrasónicas Mediante la Transformada Continua de Wavelet}",
	journal = "{Robótica y Mecatrónica. Aportaciones de Investigadores de Instituciones de Educación Superior}",
	year = "2014",
	pages = "2--16",
	month = nov,
	note = "{\textbf{\underline{ISBN:978-607-495-388-6}}}"
}


%%% 2015
@Article{MarcoNuno_CongArbEsp_2015_09_01A,
	author = "María del Refugio García Chávez and Yahir Hernández Mier and \textbf{Marco Aurelio Nuño-Maganda}",
	title = "{Evaluación de algoritmos de aprendizaje máquina para la clasificación automática de cromosomas}",
	journal = "{Avances en Tecnologías de la Información, Mecatrónica y Tecnología de los Materiales II}",
	year = "2015",
	pages = "3--8",
	month = sep,
	note = "{\textbf{\underline{ISBN:978-1-63415-029-3}}}"
}

@Article{MarcoNuno_CongArbEsp_2015_09_01B,
	author = "Yuriria Coronado-Pérez and Hiram Herrera-Rivas and \textbf{Marco Aurelio Nuño-Maganda}",
	title = "{Evaluación de técnicas de aprendizaje automático en el procesamiento del RSSI generado por redes inalámbricas WiFi, orientado a la localización de objetivos en ambientes interiores}",
	journal = "{Avances en Tecnologías de la Información, Mecatrónica y Tecnología de los Materiales II}",
	year = "2015",
	pages = "9--14",
	month = sep,
	note = "{\textbf{\underline{ISBN:978-1-63415-029-3}}}"
}

@Article{MarcoNuno_CongArbEsp_2015_09_01C,
	author = "Luis Felipe Cortes Mendoza and \textbf{Marco Aurelio Nuño-Maganda}",
	title = "{Diseño e implementación de una aplicación móvil para administrar listas de compras}",
	journal = "{Avances en Tecnologías de la Información, Mecatrónica y Tecnología de los Materiales II}",
	year = "2015",
	pages = "15--20",
	month = sep,
	note = "{\textbf{\underline{ISBN:978-1-63415-029-3}}}"
}

@Article{MarcoNuno_CongArbEsp_2015_09_01D,
	author = "José Alberto López Montelongo and José Carlos Huerta Gutiérrez and \textbf{Marco Aurelio Nuño-Maganda}",
	title = "{Diseño e implementación de una aplicación móvil para administrar un cuaderno de tareas virtual}",
	journal = "{Avances en Tecnologías de la Información, Mecatrónica y Tecnología de los Materiales II}",
	year = "2015",
	pages = "21--26",
	month = sep,
	note = "{\textbf{\underline{ISBN:978-1-63415-029-3}}}"
}


@Article{MarcoNuno_CongArbEsp_2015_09_01E,
	author = "Juan Emmanuel Mendoza Morales  and Norma Priscila Rodriguez Reyes and \textbf{Marco Aurelio Nuño-Maganda}",
	title = "{Diseño e Implementación de aplicación para seguimiento de objetos mediante lecturas del sensor GPS}",
	journal = "{Avances en Tecnologías de la Información, Mecatrónica y Tecnología de los Materiales II}",
	year = "2015",
	pages = "27--32",
	month = sep,
	note = "{\textbf{\underline{ISBN:978-1-63415-029-3}}}"
}


@Article{MarcoNuno_CongArbEsp_2016_09_01A,
	author = "Samantha Carrizales-Villagómez and \textbf{Marco Aurelio Nuño-Maganda}",
	title = "{Sistema basado en visión por computadora para extracción de información de imágenes de recibos de compra}",
	journal = "{Avances en Tecnologías de la Información, Mecatrónica y Tecnología de los Materiales III}",
	year = "2016",
	pages = "65--70",
	month = sep
}

@Article{MarcoNuno_CongArbEsp_2016_09_01B,
	author = "Jaciel Hernández-Reséndiz and \textbf{Marco Aurelio Nuño-Maganda} and   Heidy Marin-Castro and  Said Polanco-Martagón",
	title = "{Sistema de Vídeo Vigilancia Inteligente basado en GPGPU en Ambientes Escolares}",
	journal = "{Avances en Tecnologías de la Información, Mecatrónica y Tecnología de los Materiales III}",
	year = "2016",	
	pages = "77--82",
	month = sep
}

@Article{MarcoNuno_CongArbEsp_2018_09_01,
	author = "Jesús Alejandro Paz-Villafaña and \textbf{Marco Aurelio Nuño-Maganda} and Said Polanco-Martagón",
	title = "{Redes de Función de Base Radial aplicadas a la predicción de la readmisión hospitalaria en personas diabéticas}",
	journal = "{Memorias del Congreso Internacional de Investigación Academia Journals 2018}",
	year = "2018",	
	pages = "1499--1504",
	month = sep,
	note = "{\textbf{\underline{ISBN:978-1-939982-40-7}}}"
}

@Article{MarcoNuno_CongArbEsp_2019_09_01,
	author = {Victor Frausto-Güereña and \textbf{Marco Aurelio Nuño-Maganda} and Yahir Hernández-Mier},
	title = {Estimación de la Tasa Metabólica Basal de las Personas Utilizando Técnicas de Inteligencia Artificial y Sensores},
	journal = {Memorias del Congreso Internacional de Investigación Academia Journals 2019},
	year = {2019},	
	pages = {927--932},
    Month  = {Sep},
	note = {\textbf{\underline{ISBN: 978-939982-52-0}}}
}

@Article{Congreso2020_AcademiaJorrnals,
  author  = {José Luis Pérez-Avila and Marco Aurelio Nuño Maganda and Yahir Hernández Mier and Said Polanco Martagon},
  title   = {Implementación de un Sistema de Vídeo Vigilancia para Vehículos de Gama Media-Baja},
  journal = {Memorias del Congreso Internacional de Investigación Academia Journals Celaya 2020},
  year    = {2020},
  volume  = {12},
  number  = {8},
  pages   = {1914--1920},
  month   = nov,
  note    = {\textbf{ISSN: 1946--535}},
}

@Comment{jabref-meta: databaseType:bibtex;}
