
@unpublished{Curso2024b,
    author       = {},
    title        = {OpenAI Python API Bootcamp: Learn to use AI, GPT, and more!},  
    howpublished = {Udemy},
    year = 2024,
    month = 09}

@unpublished{Curso2024a,
    author       = {},
    title        = {Mendix Rapid Developer Certification.},  
    howpublished = {SIEMENS},
    year = 2024,
    month = 02}

@unpublished{Curso2023a,
    author       = {},
    title        = {Android Firebase Firestore - Masterclass - Build a Shop App},
    howpublished = {Udemy},
    year = 2023,
    month = 12}

@unpublished{Curso2023b,
    author       = {},
    title        = {International Summer School},
    howpublished = {University of Louisianna at Laffayette},
    year = 2023,
    month = 5}

@unpublished{Curso2023c,
    author       = {},
    title        = {Formal Languages And Automata Theory},
    howpublished = {Udemy},
    year = 2023,
    month = 3}

@unpublished{Curso2023d,
    author       = {},
    title        = {Workshop: Inteligencia Artificial desde cero},
    howpublished = {Oracle},
    year = 2023,
    month = 3}

@unpublished{Curso2022cc,
    author       = {},
    title        = {Pautas para un Lenguaje Incluyente y sin Discriminación en la Docencia},
    howpublished = {CONAPRED-MéxicoX},
    year = 2022,
    month = 12}


@unpublished{Curso2022a,
    author       = {},
    title        = {The Complete Android 12 \& Kotlin Development Masterclass},
    howpublished = {Udemy},
    year = 2022,
    month = 12}

@unpublished{Curso2022b,
    author       = {},
    title        = {Mastering MQTT Protocol A Beginner's to Advance Level Guide},
    howpublished = {Udemy},
    year = 2022,
    month = 7}

@unpublished{Curso2022c,
    author       = {},
    title        = {Curso-Machine Learning, Data Science and Deep Learning with Python.},
    howpublished = {Udemy},
    year = 2022,
    month = 4}

@unpublished{Curso2022d,
    author       = {},
    title        = {2022 Ultimate Guide to Raspberry Pi  Tips, Tricks and Hacks.},
    howpublished = {Udemy},
    year = 2022,
    month = 2}

@unpublished{Curso2021a,
    author       = {},
    title        = {Resilencia Educativa},
    howpublished = {Centro Regional de Formación Docente e Investigación Educativa},
    year = 2021,
    month = 3}

@unpublished{Curso2017a,
    author       = {},
    title        = {Desarrollo de Estrategias de Tutorias y Asesoría en el Aula},
    howpublished = {Universidad Polit\'ecnica de Victoria},
    year = 2017,
    month = 12}

@unpublished{Curso2013a,
    author       = {},
    title        = {Curso-Taller de Actualización Docente},
    howpublished = {Universidad Polit\'ecnica de Victoria},
    year = 2013,
    month = 4}

@unpublished{Curso2012a,
    author       = {},
    title        = {Formaci\'on Universitaria Did\'actica Especial},
    howpublished = {Universidad Polit\'ecnica de Victoria},
    year = 2012,
    month = 4}

@unpublished{Curso2010a,
    author       = {},
    title        = {Implantaci\'on del Modelo Educativo Basado en Competencias (en línea)},
    howpublished = {Universidad Polit\'ecnica de Puebla},
    year = 2010,
    month = 5}

@unpublished{Curso2007a,
    author       = {},
    title        = {Business Foundations for Scientists},
    howpublished = {Instituto Nacional de Astrofísica, Óptica y Electrónica, Puebla, Mexico},
    year = 2007,
    month = 5}

@unpublished{Curso2003a,
    author       = {},
    title        = {Introduccion a Microsoft SQL Server},
    howpublished = {Instituto Nacional de Astrofísica, Óptica y Electrónica, Puebla, Mexico},
    year = 2003,
    month = 12}


