% Encoding: UTF-8
% Aqui deben ir reconocimientos como conferencista en congresos nacionales o internacionales independientemente si se publico el articulo o no

% Escenario 0: Se presento en el congreso (NO HAY CONSTANCIA) y se publico (Memoria, Revista, Capitulo de Libro)
% Escenario 1: Se presento en el congreso (CONSTANCIA) y se publico (Memoria, Revista, Capitulo de Libro)
% Escenario 2: No se presento en el congreso (NO HAY CONSTANCIA) y se publico (Memoria, Revista, Capitulo de Libro)
% Escenario 3: Se presento en el congreso (CONSTANCIA) y NO se publico (Requeria de mas arbitraje, o los requisitos solicitados eran impensables)
% Escenario 4: NO se presento en el congreso [Pero el congreso genero constancia](CONSTANCIA) y NO se publico (No se mando version solicitada, Requeria de mas arbitraje, o los requisitos solicitados eran impensables)

% Escenario 1 - Congreso  - CONACIC 2024- PAper 52
@unpublished{Difusion2024j,
    author = {Adrián Alejandro Ruiz-Márquez and Brayan Olivares-Rodriguez and Javier Martin Palmero-Torres and Ana Cecilia Rodríguez-Chávez and \textbf{M. A. Nuño-Maganda}},
	title = {Desarrollo de una Aplicación para la Detección y Conteo de Monedas en Video en Tiempo Real Utilizando OpenCV y PyQt6},
    howpublished = {VI Congreso Internacional y XIV Congreso Nacional de Ciencias de la Computación},
%    note={ \hyperlink{./../Evidencias/sensors-18-02202-v2.pdf.1}{EVIDENCE}},
    year = 2024,
    month = 10,
    addendum     = {Puebla, Puebla, México}}

% Falta CONSTANCIA del Articulo de Melchor - CONACIC 2024- PAper 40
@unpublished{Difusion2024i,
    author = {Melchor Hernández-Diaz and Jesús Antonio Barbosa-Rodríguez and Ximena Abigaíl Moreno-Ledezma and Juan Daniel Torres-Colorado and José Hubo Barrón-Zambrano and \textbf{M. A. Nuño-Maganda}},
	title = {Identificador de Género mediante Audio},
    howpublished = {VI Congreso Internacional y XIV Congreso Nacional de Ciencias de la Computación},
%    note={ \hyperlink{./../Evidencias/sensors-18-02202-v2.pdf.1}{EVIDENCE}},
    year = 2024,
    month = 10,
    addendum     = {Puebla, Puebla, México}}


% Escenario 1 - Congreso  - CONACIC 2024- PAper 39
@unpublished{Difusion2024h,
    author = {Alejandra Carolina Rodríguez-Porras and Luis Antonio Raga-Reyes and María Fernanda Parras-Pecina and Agustín Alejandro Mota-Hinojosa and \textbf{M. A. Nuño-Maganda}},
	title = {Reconocimiento de Signos del Lenguaje de Señas Mexicano utilizando Redes Neuronales Convolucionales},
    howpublished = {VI Congreso Internacional y XIV Congreso Nacional de Ciencias de la Computación},
%    note={ \hyperlink{./../Evidencias/sensors-18-02202-v2.pdf.1}{EVIDENCE}},
    year = 2024,
    month = 10,
    addendum     = {Puebla, Puebla, México}}


% Escenario 1 - Congreso  - CONACIC 2024- PAper 36
@unpublished{Difusion2024g,
    author = {Aldo de Jesus Peña-Cuellar and Jesús David Treviño-Gandarilla and Abraham Isai Cantu-Sanchez and Jose Guadalupe Martinez-Herrera and \textbf{M. A. Nuño-Maganda}},
	title = {Aplicación para detección de Vehículos y Motocicletas desde un punto ciego del automóvil usando el modelo YOLO},
    howpublished = {VI Congreso Internacional y XIV Congreso Nacional de Ciencias de la Computación},
%    note={ \hyperlink{./../Evidencias/sensors-18-02202-v2.pdf.1}{EVIDENCE}},
    year = 2024,
    month = 10,
    addendum     = {Puebla, Puebla, México}}


% Escenario 4 - Congreso  - CONACIC 2024- PAper 21
@unpublished{Difusion2024f,
    author = {\textbf{M. A. Nuño-Maganda} and Yahir Hernandez-Mier and Angel David Mendoza-Valdez and Lessly Gabriela Galván-Villanueva and Said Polanco-Martagón},
	title = {Diseño de Circuitos de Riego y Detección de Brotes por Visión por Computadora para un Germinador Automático},
    howpublished = {VI Congreso Internacional y XIV Congreso Nacional de Ciencias de la Computación},
%    note={ \hyperlink{./../Evidencias/sensors-18-02202-v2.pdf.1}{EVIDENCE}},
    year = 2024,
    month = 10,
    addendum     = {Puebla, Puebla, México}}

% Escenario 1 - Revista - CONACIC 2024- PAper 14
@unpublished{Difusion2024e,
    author = {Omar Alejandro Pérez-Reyes and Mario Coyoy-López and Dafne Patricia Moreno-Flores and Ramon Uriel Hernández-Sánchez and \textbf{M. A. Nuño-Maganda}},
	title = {Aplicación PyQt6 para el Conteo en Tiempo Real: Un Caso de Estudio con Detección de Naranjas},
    howpublished = {VI Congreso Internacional y XIV Congreso Nacional de Ciencias de la Computación},
%    note={ \hyperlink{./../Evidencias/sensors-18-02202-v2.pdf.1}{EVIDENCE}},
    year = 2024,
    month = 10,
    addendum     = {Puebla, Puebla, México}}


% Escenario 3 (Potencial cambio a Escenario1 Si aparece publicado en la memoria del evento)
@unpublished{Difusion2024d,
    author       = {Christian Alejandro Saldaña-Calderón and Irving Jael Martinez-Aguilar and Jesus Guadalupe Herrera-Vanoye and Juan Eduardo Tovar-Diaz and Luis Antonio González-Castro and Yahir Hernández-Mier and Said Polanco-Martagón and Marco Aurelio Nuño-Maganda},
    title        = {Floating-Assistant: An Educational Tool for Teaching Single and Double Floating Point Representations in Computer Programming Courses},
    howpublished = {Congreso Argentino de Sistemas Embebidos CASE 2024},
    %note={ \hyperlink{./../Evidencias/applsci-10-06846.pdf.1}{EVIDENCE}},
    year = 2024,
    month = 08,
    addendum     = {Tucuman, Argentina}}

% Escenario 3 (Potencial cambio a Escenario1 Si aparece publicado en la memoria del evento)
@unpublished{Difusion2024c,
    author       = {\textbf{M. A. Nuño-Maganda} and Lessly Gabriela Galván-Villanueva and  Angel David Mendoza-Valdez Yahir Hernández-Mier and Said Polanco-Martagón},
    title        = {Diseño de un sistema de germinación automático monitoreado de manera remota usando visión por computadora},
    howpublished = {Congreso Argentino de Sistemas Embebidos CASE 2024},
    %note={ \hyperlink{./../Evidencias/applsci-10-06846.pdf.1}{EVIDENCE}},
    year = 2024,
    month = 08,
    addendum     = {Tucuman, Argentina}}


% Escenario 3 (Potencial cambio a Escenario1 dentro de algunos anos que se publique en Research in Computing Science)
@unpublished{Difusion2024b,
    author       = {Jesus Armando Martínez-Vargas and Said Polanco-Martagón and Yahir Hernández-Mier and \textbf{M. A. Nuño-Maganda}},
    title        = {Detección de pimiento morron utilizando TinyML},
    howpublished = {XVI Congreso Mexiando de Inteligencia Artifical - COMIA 2024},
    note={ \hyperlink{./../Evidencias/applsci-10-06846.pdf.1}{EVIDENCE}},
    year = 2024,
    month = 06,
    addendum     = {Celaya, Guanajuato, México}}

% Escenario 3 
@unpublished{Difusion2024a,
    author       = {César Aldair Flores-Gámez and Vaneza Itsaiana García-Cervantes and José Alan González-Perales and Aníbal González-Tovar and \textbf{M. A. Nuño-Maganda}},
    title        = {Aplicación Móvil para Editar DFAs y NFAs con Conversión a Latex},
    howpublished = {Congreso de la Red de Investigación Interinstitutional (CIREDII)},
    note={ \hyperlink{./../Evidencias/applsci-10-06846.pdf.1}{EVIDENCE}},
    year = 2024,
    month = 03,
    addendum     = {Colima, Colima, México}}


% Escenario 1 - Revista
@unpublished{Difusion2023a,
    author = {Jorge Jhovan Rodríguez-Moreno and Osiel Alejandro Ordoñez-Cruz and Jorge Guevara-García and José Andrik Martínez-Rodríguez and Christopher Emmanuel Perez-Duque and \textbf{M. A. Nuño-Maganda}},
	title = {Implementación de interfaz gráfica en PyQt5 referente a la visualización de pérdida de clasificación lineal},
    howpublished = {XIII Congreso Nacional de Ciencias de la Computación CONACIC 2023},
    note={ \hyperlink{./../Evidencias/sensors-18-02202-v2.pdf.1}{EVIDENCE}},
    year = 2023,
    month = 10,
    addendum     = {Puebla, Puebla, México}}

% Escenario 1 - BookChapter
@unpublished{Difusion2023b,
    author      = {Lilian Sayli García-Puente and Kevin Alejandro Hernández-Campillo and César Zavala-López and José Emmanuel Gonzáles-Santana and \textbf{M. A. Nuño-Maganda}},
    title       = {Explorando árboles de decisión: Una herramienta interactiva para comprender el aprendizaje supervisado},
    howpublished = {XIII Congreso Nacional de Ciencias de la Computación CONACIC 2023},
    year = 2023,
    month = 10,
    addendum     = {Puebla, Puebla, México}}

% Escenario 1 - BookChapter
@unpublished{Difusion2023c,
    author      = {Nubia Esmeralda Cantú-Sánchez and César Aldahir Flores-Gámez and José Antonio Cumpean-Morales and Francisco Gael Sustaita-Reina and Mauricio Hernández-Cepeda and \textbf{M. A. Nuño-Maganda}},
    title       = {Sistema de Simulación del Algoritmo Perceptrón para Redes Neuronales en Python},    
    howpublished = {XIII Congreso Nacional de Ciencias de la Computación CONACIC 2023},
    year = 2023,
    month = 10,
    addendum     = {Puebla, Puebla, México}}


% Escenario 1 - Revista
@unpublished{Difusion2022x,
	AUTHOR = "Beatriz Anshel Sánchez-García and Said Polanco-Martagón and Yahir Hernández-Mier and \textbf{M. A. Nuño-Maganda} and Jorge Arturo Hernández-Almazán",
	TITLE = "{Predicci\'on de Sonidos Pulmonares Sospechosos y No Sospechosos Mediante Redes Neuronales}",
	YEAR = "2022",
	month = {10},
    howpublished = {Congreso Nacional de Investigacion Interinstitucional (CNII) 2022},
    addendum     = {Colima, México}}



% Escenario 1 - Revista
@unpublished{Difusion2022a,
	AUTHOR = "Beatriz Anshel Sánchez-García and Said Polanco-Martagón and Yahir Hernández-Mier and \textbf{M. A. Nuño-Maganda} and Jorge Arturo Hernández-Almazán",
	TITLE = "{Suspicious Lung Disease Prediction from Auscultation Sounds Using Neural Networks}",
	YEAR = "2022",
	month = {11},
    howpublished = {Congreso Internacional de Inteligencia Artificial e Industria 4.0 UNIVA 2022},
    addendum     = {Zapopan, Jalisco, México}}


% Escenario 1 - Memoria
@unpublished{Difusion2022b,
	author = {Juan Carlos Monreal-Romero and María Fernanda Coronado-Alejos and Diana Gabriela González-Reyes and Ana Gabriela López-Reyes and Carlos Alberto Reyes-Puga and \textbf{M. A. Nuño-Maganda} and Yahir Hernández-Mier and Said Polanco-Martagón},
	title = {Desarrollo e Implementación de una Aplicación para administrar préstamos de libros y dispositivos electrónicos},
    howpublished = {1er Congreso Internacional de Mecatrónica, Control e Inteligencia Artificial},
	year = {2022},	
    Month  = 11,
    addendum     = {Cuatitlán Izcalli, Estado de México, México}}

% Escenario 1 - Memoria
@unpublished{Difusion2022c,
	author = {Orlando Samuel Martínez-Dorantes and Karla Yaneth Martínez-Quintanilla and Jorge Eduardo Monita-Rodríguez and Mariana Leilany Pineda-Amador and Juan José Torres-Grimaldo and \textbf{M. A. Nuño-Maganda} and Yahir Hernández-Mier and Said Polanco-Martagón},
	title = {Implementación de un Recorrido Virtual de la Universidad Politécnica de Victoria para Promoción de los programas académicos en Preparatorias},
    howpublished = {1er Congreso Internacional de Mecatrónica, Control e Inteligencia Artificial},
	year = {2022},	
    Month  = 11,
    addendum     = {Cuatitlán Izcalli, Estado de México, México}}

% Escenario 1 - Memoria
@unpublished{Difusion2022d,
	author = {José Carlos Ávalos-Ruiz and Axel Issai Alemán-Delgado and Juan de Dios Nava-Gallardo and José Manuel Rodríguez García and Orlando Samuel Martínez Dorantes and \textbf{M. A. Nuño-Maganda} and Yahir Hernández-Mier and Said Polanco-Martagón},
	title = {Desarrollo e Implementación de una Aplicación Móvil para facilitar el Control de Asistencia a Clase},
    howpublished = {1er Congreso Internacional de Mecatrónica, Control e Inteligencia Artificial},
	year = {2022},	
    Month  = 11,
    addendum     = {Cuatitlán Izcalli, Estado de México, México}}

% Escenario 1 - Memoria
@unpublished{Difusion2022e,
	author = {José Carlos Mar-Rangel and \textbf{M. A. Nuño-Maganda} and Yahir Hernández-Mier and Said Polanco-Martagón},
	title = {Aplicación Móvil para el Entrenamiento en Concursos de Spelling Utilizando Síntesis y Reconocimiento de Voz},
    howpublished = {1er Congreso Internacional de Mecatrónica, Control e Inteligencia Artificial},
	year = {2022},	
    Month  = 11,
    addendum     = {Cuatitlán Izcalli, Estado de México, México}}

% Escenario 1 - Revista
@unpublished{Difusion2022f,
	author = {Dino Tonatiuh Gutierrez-Martinez and Marlly Yuleth Cantú-Charles and Jesus Eduardo Uriegas-Ibarra and \textbf{M. A. Nuño-Maganda} },
	title = {{Simulación de brazo robótico en dispositivos móviles utilizando OpenGL ES}},
	howpublished ={Congreso Nacional de Investigacion Interinstitucional (CNII) 2022},
	year = {2022},	
    Month  = {10},
    addendum     = {Colima, Colima, México}}

% Escenario 1 - Revista
@unpublished{Difusion2022g,
	author = {David Josué Esquivel-Godoy and   \textbf{M. A. Nuño-Maganda} and  Yahir Hernández-Mier and  Said Polanco-Martagón},
	title = {Módulos de supervisión y automatización de un sistema hidropónico mediante lógica difusa y visión por computadora},
	howpublished ={Congreso Nacional de Investigacion Interinstitucional (CNII) 2022},
	year = {2022},	
    Month  = {10},
    addendum     = {Colima, Colima, México}}

% Escenario 1 - Revista
@unpublished{Difusion2022h,
	author = {\textbf{M. A. Nuño-Maganda} and Axel Issai Alemán-Delgado  and  Isaac De Jesús Becerra-Martínez  and  Karen Lizeth García-Rivera  and  Didre Dayan Mota-González  and  Daniela Estefanía Huerta-Vázquez  and  Carlos Alejandro Reyes-Puga},
	title = {{Integración de un escanner 3D con sensores ultrasónicos y una aplicación móvil para visualización de modelos tridimensionales}},
	howpublished ={Congreso Nacional de Investigacion Interinstitucional (CNII) 2022},
	year = {2022},	
    Month  = {10},
    addendum     = {Colima, Colima, México}}

% Escenario 1 - Revista
@unpublished{Difusion2022i,
	AUTHOR = "Dino Tonatiuh Gutierrez-Martinez and Orlando Samuel Martinez-Dorantes and Juan Jose Torres-Grimaldo and Adriana Palmero-Torres and Ana Karen Echartea-Juarez and Angela Carrizales and Osiel Gómez and Gabriela Robles and \textbf{M. A. Nuño-Maganda}",
	TITLE = "{Aplicación móvil para consultar rutas de autobuses urbanos en Ciudad Victoria, Tamaulipas}",
	howpublished ={22o Congreso Internacional de Ciencias de la Computación CORE 2022, modalidad virtual},
	YEAR = "2022",
	month = {9},
    addendum     = {}}

% Escenario 1 - Revista
@unpublished{Difusion2021a,
	AUTHOR = "José Ramon Arratia-Zapata and \textbf{M. A. Nuño-Maganda} and Yahir Hernández-Mier and Said Polanco-Martagón",
	TITLE = "{Sistema de Monitoreo Remoto de Temperatura y Humedad Utilizando Dispositivos Móviles e IOT}",
	YEAR = "2021",
	month = {10},
	howpublished ={XI Congreso Nacional de Ciencias de la Computación},
    addendum     = {Puebla, Puebla, México}}

% Escenario 1 - Book CHapter
@unpublished{Difusion2021b,
    author      = {\textbf{M. A. Nuño-Maganda} and Jorge Arturo Hernández-Almazán and Yahir Hernández-Mier and Said Polanco-Martagón},
    title       = {Sistema de Análisis de Asistencia a Clases en Línea},
    year        = 2021,
    month = {10},
	howpublished ={III Congreso Internacional y X Congreso Nacional de Tecnologías de la Educación CONTE 2021},
    addendum     = {Puebla, Puebla, México}}

% Escenario 1 - Memoria
@unpublished{Difusion2021c,
	author = {Daniel Humberto Villatoro-Carranco and \textbf{M. A. Nuño-Maganda} and Yahir Hernández-Mier and Said Polanco-Martagon},
	title = {Comparación de detectores faciales para un sistema de videovigilancia de bajo costo},
	howpublished ={6a. Jornada de Ciencia y Tecnología Aplicada},
	year = {2021},	
    addendum     = {Cuernavaca, Morelos, México}}

% Escenario 1 - Book CHapter
@unpublished{Difusion2021d,
	AUTHOR = "Cristian Isidro Echartea-de-la-Rosa and \textbf{M. A. Nuño-Maganda} and Yahir Hernández-Mier and Said Polanco-Martagón",
	TITLE = "{Creación de planes alimenticios mediante algoritmos genéticos para combatir la obesidad infantil en México}",
	YEAR = "2021",
	month = {3},
	howpublished ={Congreso Regional en Computación y Tecnologías de la Información},
    addendum     = {}}

% Escenario 1
@unpublished{Difusion2019a,
	author = {Victor Frausto-Güereña and \textbf{M. A. Nuño-Maganda} and Yahir Hernández-Mier},
	title = {Estimación de la Tasa Metabólica Basal de las Personas Utilizando Técnicas de Inteligencia Artificial y Sensores},
    howpublished = {Congreso Internacional de Investigación Academia Journals 2019},
    year = 2019,
    month = 10,
    addendum     = {Pachuca, Hidalgo, México}}

% Escenario 1
@unpublished{Difusion2011a,
    author       = { \textbf{M. A. Nuño-Maganda}},
    title        = {Uso de Técnicas de Visión por Computadora y Aprendizaje Automático para Detección y Reconocimiento de Rostros},
    howpublished = {V Congreso de Innovación Tecnológica de Eléctrica y Electrónica},
    year = 2011,
    month = 09,
    addendum     = {Ciudad Obregon, Sonora, México}}

