% Encoding: UTF-8
@unpublished{2023_RecPRODEPA,
    author       = {},
    title        = {Reconocimiento Perfil Deseable por parte del Programa de Desarrollo Profesional Docente (PRODEP).},  
    howpublished = {Vigencia: Octubre 2020 a Octubre de 2023},
    year = 2023,
    month = 10}

 

@unpublished{2019_RecPRODEPA,
    author       = {},
    title        = {Reconocimiento Perfil Deseable por parte del Programa de Desarrollo Profesional Docente (PRODEP). },
    howpublished = {Vigencia: Julio 2016 a Julio de 2019},
    year = 2019,
    month = 07}

@unpublished{2015_RecPRODEPA,
    author       = {},
    title        = {Reconocimiento Perfil Deseable por parte del Programa de Mejoramiento del Profesorado (PROMEP).},
    howpublished = {Vigencia: Junio de 2012 - Junio de 2015},
    year = 2015,
    month = 06}



@unpublished{2008_RecITSA,
    author       = {},
    title        = {Beca al Estímulo al Desempeño Docente},
    howpublished = {Instituto Tecnológico Superior de Atlixco},
    year = 2008,
    month = 11}

@unpublished{2007_RecITSA,
    author       = {},
    title        = {Beca al Estímulo al Desempeño Docente},
    howpublished = {Instituto Tecnológico Superior de Atlixco},
    year = 2007,
    month = 11}

@unpublished{2006_RecITSA,
    author       = {},
    title        = {Beca al Estímulo al Desempeño Docente},
    howpublished = {Instituto Tecnológico Superior de Atlixco},
    year = 2006,
    month = 11}

