% Encoding: UTF-8


@unpublished{Platica_Taller_2025c,
    author       = {},
    title        = {Demostración de Proyectos de Realidad Aumentada y Virtual},
    year = 2025,
    month = 03,
    day = 24,
    addendum     = {CBTis 236, Ciudad Victoria, Tamaulipas, Mexico}
}

@unpublished{Platica_Taller_2025b,
    author       = {},
    title        = {Demostración de Proyectos de Realidad Aumentada y Virtual},
    year = 2025,
    month = 03,
    day = 20,
    addendum     = {CBTis 119, Ciudad Victoria, Tamaulipas, Mexico}
}


@unpublished{Platica_Taller_2025a,
    author       = {},
    title        = {Demostración de Proyectos de Realidad Aumentada y Virtual},
    year = 2025,
    month = 03,
    day = 18,
    addendum     = {CBTis 24, Ciudad Victoria, Tamaulipas, Mexico}
}


@unpublished{Platica_Taller_2024a,
    author       = {},
    title        = {Programación de Aplicaciones Móviles},
    year = 2024,
    month = 10,
    day = 30,
    howpublished = {Semana de la Ciencia y la Tecnología},
    addendum     = {CBTis 236, Ciudad Victoria, Tamaulipas, Mexico}
}

@unpublished{Platica_Taller_2023a,
    author       = {},
    title        = {Aplicaciones de Realidad Aumentada y Realidad Virtual},
    year = 2023,
    month = 11,
    day = 15,
    howpublished = {3er. Semana Nacional del Conocimiento y la Innovacion.},
    addendum     = {Ciudad Victoria, Tamaulipas, Mexico.}
}

@unpublished{Platica_Taller_2023b,
    author       = {},
    title        = {Desarrollo de Aplicaciones Moviles para Android},
    howpublished = {3er. Semana Nacional del Conocimiento y la Innovacion},
    year = 2023,
    month = 11,
    addendum     = {Ciudad Victoria, Tamaulipas, Mexico.}
}

@Unpublished{Platica_Taller_2023g,
  title    = {Taller de Ciencia y Tecnología a los alumnos de 5to y 6to grado},
  month    = {10},
  year     = {2023},
  addendum = {Escuela Primaria Mexico, Victoria, Tamulipas, México},
}

@Unpublished{Platica_Taller_2023f,
  title        = {Fundamentos de Realidad Virtual y Aumentada mediante aplicaciones gráficas 3D en Android utilizando OpenGL ES},
  month        = {4},
  year         = {2023},
  addendum     = {México},
  howpublished = {Tercer Foro Nacional de Tecnologías de la Información y Sistemas Computacionales},
}

@Unpublished{Platica_Taller_2023e,
  title        = {Programacion de Dispositivos Moviles},
  month        = {4},
  year         = {2023},
  addendum     = {CBTis 24, Ciudad Victoria, Tamaulipas, México},
  howpublished = {Semana Nacional de Vinculacion},
}


@unpublished{Platica_Taller_2023d,
    author       = {},
    title        = {Oportunidades de Monitoreo Ambiental Inteligente en Tamaulipas},
    howpublished = {Seminario de la Red de Monitoreo Ambiental.},
    year = 2023,
    month = 1,
    addendum     = {Universidad de la Cañada, Oaxaca, México}}


@unpublished{Platica_Taller_2022c,
    author       = {},
    title        = {20 proyectos de la línea de Sistemas Inteligentes de la Maestría en Ingeniería: Aplicaciones en el área de salud, agroindustrial, seguridad y educación},
    howpublished = {},
    year = 2022,
    month = 11,
    addendum     = {Universidad Politécnica de Juventino Rosas, Guanajuato, México}}

%\textbf{Graficación por Computadora}. CBTis 15, Cd. Mante, Tamaulipas. 25 de octubre de 2022. \MYhref[blue]{http://www.yahoo.com}{(Evidencia \#64)}

@unpublished{Platica_Taller_2022x,
    author       = {},
    title        = {Graficación por Computadora},
    howpublished = {},
    year = 2022,
    month = 10,
    addendum     = {CBTis 15, Cd. Mante, Tamaulipas, México}}




@unpublished{Platica_Taller_2022b,
    author       = {},
    title        = {Desarrollo de Entornos de Realidad Virtual - ITI},
    howpublished = {},
    year = 2022,
    month = 10,
    addendum     = {CBTis 98. Xiconténcatl, Tamaulipas, México}}



@unpublished{Platica_Taller_2022a,
    author       = {},
    title        = {Tecnologías de la Información para Resolver Problemas Agroindustriales, de Alimentos y de Salud},
    howpublished = {Programa de Actividades Virtuales UTyP BIS y Canáda},
    year = 2022,
    month = 9,
    addendum     = {Instituto de Tecnología de los Alimentos, Universidad de la Cañada, Oaxaca, México}}



@unpublished{Platica_Taller_2021d,
    author       = {},
    title        = {Overview of Desktop and Mobile Machine Learning and Computer Vision Applications Developed by the Intelligent Systems Laboratory of the Polytechnic University of Victoria},
    howpublished = {Programa de Actividades Virtuales UTyP BIS y Canáda},
    year = 2021,
    month = 10,
    addendum     = {Universidad Polit\'ecnica de Victoria, Victoria, Tamaulipas, México}}



@unpublished{Platica_Taller_2021c,
    author       = {},
    title        = {Proyectos de Visión por Computadora y Aprendizaje Automático en FPGAs: recapitulación de 20 años de trabajo},
    howpublished = {},
    year = 2021,
    month = 11,
    addendum     = {Instituto de Estudios Superiores de Tamaulipas (IEST), Altamira, Tamaulipas, México}}


@unpublished{Platica_Taller_2021b,
    author       = {},
    title        = {Desarrollo de Entornos Virtuales Aumentados en Dispositivos Móviles},
    howpublished = {},
    year = 2021,
    month = 10,
    addendum     = {Centro de Bachillerato Tecnológico Industrial y de Servicios No. 271, Ciudad Victoria, Tamaulipas, México}}


@unpublished{Platica_Taller_2021a,
    author       = {},
    title        = {Integración de Técnicas de Inteligencia Artificial en Aplicaciones Móviles},
    howpublished = {},
    year = 2021,
    month = 10,
    addendum     = {Centro de Bachillerato Tecnológico Industrial y de Servicios No. 219, Nuevo Padilla, Tamaulipas, México}}




@unpublished{Platica_Taller_2016a,
    author       = {},
    title        = {Conceptos Básicos de Gráficos por Computadora Orientados al Desarrollo de Aplicaciones Móviles},
    howpublished = {},
    year = 2016,
    month = 10,
    addendum     = {Centro de Bachillerato Tecnológico Industrial y de Servicios No. 98, Xicoténcatl, Tamaulipas, México]}}



@unpublished{Platica_Taller_2015a,
    author       = {},
    title        = {Desarrollo de Aplicaciones Móviles},
    howpublished = {},
    year = 2015,
    month = 10,
    addendum     = {Centro de Bachillerato Tecnológico Agropecuario No. 55, Padilla, Tamaulipas, México}}



@unpublished{Platica_Taller_2014a,
    author       = {},
    title        = {Design and Implementation of Hardware Architectures for Real-Time Video Processing},
    howpublished = {},
    year = 2014,
    month = 11,
    addendum     = {University of Texas - Pan American, Edinburg, Texas, Estados Unidos}}


@unpublished{Platica_Taller_2013b,
    author       = {},
    title        = {Gráficos por Computadora y sus Aplicaciones},
    howpublished = {},
    year = 2013,
    month = 05,
    addendum     = {Museo de Historia Natural de Tamaulipas, Victoria, Tamaulipas, México}}


@unpublished{Platica_Taller_2013a,
    author       = {},
    title        = {Curso Taller de Sistemas Embebidos FPGAs},
    howpublished = {},
    year = 2013,
    month = 04,
    addendum     = {Universidad Polit\'ecnica de Victoria, Victoria, Tamaulipas, México}}



@unpublished{Platica_Taller_2012c,
    author       = {},
    title        = {Implementaciones Hardware de Algoritmos de Visión por Computadora y Aprendizaje Automático},
    howpublished = {},
    year = 2012,
    month = 11,
    addendum     = {CINVESTAV-Tamaulipas, Ciudad Victoria, Tamaulipas, México}}


@unpublished{Platica_Taller_2012b,
    author       = {},
    title        = {Graficación por Computadora},
    howpublished = {19a Semana de la Ciencia y la Tecnología},
    year = 2012,
    month = 08,
    addendum     = {CBTIS 119, Ciudad Victoria, Tamaulipas, México}}



@unpublished{Platica_Taller_2012a,
    author       = {},
    title        = {Sistemas Reconfigurables Aplicados a Sistemas Inteligentes},
    howpublished = {Escuela de Inteligencia Artificial y Robótica },
    year = 2012,
    month = 09,
    addendum     = {Cuernavaca, Morelos, México}}

@unpublished{Platica_Taller_2011b,
    author       = {},
    title        = {Herramientas Open Source para Creación de Reportes Técnicos y Científicos},
    howpublished = {},
    year = 2011,
    month = 09,
    addendum     = {Universidad Polit\'ecnica de Victoria, Victoria, Tamaulipas, México}}



@unpublished{Platica_Taller_2010a,
    author       = {},
    title        = {Programaci\'on de Gr\'aficos en 3D usando OpenGL},
    howpublished = {},
    year = 2010,
    month = 11,
    addendum     = {Universidad Polit\'ecnica de Victoria, Victoria, Tamaulipas, México}}



@unpublished{Platica_Taller_2009a,
    author       = {},
    title        = {LaTeX (Taller)},
    howpublished = {Tercer Día de Sistemas},
    year = 2009,
    month = 04,
    addendum     = {Instituto Tecnológico Superio de Atlixco, Atlixco, Puebla, México.}}

@unpublished{Platica_Taller_2009b,
    author       = {},
    title        = {Uso de Tecnolog\'ia FPGA para implementaci\'on Paralela de Redes Neuronales},
    howpublished = {Primera Jornada de Computación},
    year = 2009,
    month = 05,
    addendum     = {Universidad Autónoma Júarez de Oaxaca, Escuela de Ciencias, Oaxaca, México}}

@unpublished{Platica_Taller_2009c,
    author       = {},
    title        = {Redes Neuronales Artificiales Implementadas en FPGAs},
    year = 2009,
    howpublished = {Escuela de Inteligencia Artificial y Robótica},
    month = 02,
    addendum     = {Cuernavaca, Morelos}}

@unpublished{Platica_Taller_2008a,
    author       = {},
    title        = {Virtual Reality Modeling Language},
    howpublished = {Segundo Congreso de Ingeniería en Sistemas Computacionales},
    year = 2008,
    month = 11,
    addendum     = {Instituto Tecnológico Superio de Atlixco, Atlixco, Puebla, México.}}

@unpublished{Platica_Taller_2008b,
    author       = {},
    title        = {Aplicaciones de Sistemas Embebidos a Problemas de Visi\'on por Computadora y Aprendizaje Autom\'atico},
    howpublished = {III Congreso de Inform\'atica, Rob\'otica e Inteligencia Artificial },
    year = 2008,
    month = 05,
    addendum     = {Ixtapa-Zihuatanejo, Guerrero, México.}}

@unpublished{Platica_Taller_2008c,
    author       = {},
    title        = {FPGA's y C\'omputo Reconfigurable para el Aprendizaje Autom\'atico},
    howpublished = {6to Día Virtual},
    year = 2008,
    month = 05,
    addendum     = {Universidad Autónoma de Tamaulipas, Ciudad Victoria, Tamaulipas, México.}}


@unpublished{Platica_Taller_2006a,
    author       = {},
    title        = {Procesamiento Digital de Im\'agenes Basado en FPGA},
    howpublished = {Décima Segunda Semana de Ingeniería, },
    year = 2006,
    month = 09,
    addendum     = {Instituto de Ingeniería y Tecnología, Universidad Autónoma de Ciudad Juárez, Ciudad Juárez, Chihuahua, México.}
}

@unpublished{Platica_Taller_2006b,
    author       = {},
    title        = {Uso de System Generator para Modelado de Sistemas Digitales},
    howpublished = {},
    year = 2006,
    month = 10,
    addendum     = {Instituto Tecnológico Superio de Atlixco, Atlixco, Puebla, México.}}

@unpublished{Platica_Taller_2007a,
    author       = {},
    title        = {VHDL},
    howpublished = {},
    year = 2007,
    month = 07,
    addendum     = {Instituto Tecnológico Superio de Atlixco, Atlixco, Puebla, México.}}


@unpublished{Platica_Taller_2007b,
    author       = {},
    title        = {Dise\~no de Prototipos Digitales Basados en FPGA's},
    howpublished = {Seminario de Mecatrónica},
    year = 2007,
    month = 10,
    addendum     = {Instituto Tecnológico Superio de Atlixco, Atlixco, Puebla, México.}}


@unpublished{Platica_Taller_2005,
    author       = {},
    title        = {Implementaci\'on Hardware de Funciones de Visi\'on por Computadora},
    howpublished = {3er. Ciclo de Conferencias de Sistemas Computacionales},
    year = 2005,
    month = 12,
    addendum     = {Instituto Tecnológico Superio de Atlixco, Atlixco, Puebla, México.}
}

@Comment{jabref-meta: databaseType:bibtex;}
