% Listado de Informes Técnicos

@InProceedings{ MarcoNuno_ReporteTecnico1,
	AUTHOR = "\textbf{Marco Aurelio Nuño-Maganda}",
	TITLE = "{Presentación del Artículo ``Using Handel-C for Describing Picoprocessor Architectures'' en el Primer Workshop Mexicano de Cómputo Reconfigurable y sus Aplicaciones en Educación e Ingeniería}",
	YEAR = "2011",
	month = nov,
	note = "{\textit{Reporte técnico final del proyecto \underline{TAMPS-2010-C29-149910}, Fondo Mixto de Fomento a la Investigación Científica y Tecnológica CONACYT - Gobierno del Estado de Tamaulipas, Convocatoria 2010}}"
}


@InProceedings{ MarcoNuno_ReporteTecnico2,
	AUTHOR = "\textbf{Marco Aurelio Nuño-Maganda}",
	TITLE = "{Implementación de Arquitecturas FPGA para Algoritmos de Visión por Computadora y Aprendizaje Automático}",
	YEAR = "2011",
	month = dec,
	note = "{\textit{Reporte técnico final de proyecto \underline{PROMEP UPV-PTC-011}}}"
}


@InProceedings{ MarcoNuno_ReporteTecnico3,
	AUTHOR = "\textbf{Marco Aurelio Nuño-Maganda}",
	TITLE = "{Estudio y Análisis de Modelos de Redes Neuronales Artificiales para la Implementación de Bloques Hardware Eficientes Aplicables al Reconocimiento de Objetos en Imágenes}",
	YEAR = "2015",
	month = apr,
	note = "{\textit{Reporte técnico final de proyecto \underline{133637}, convocatoria SEP-CONACYT Ciencia Básica 2009}}"
}
