@unpublished{2025_OrganizadorEventos,
    author       = {},
    title        = {Organizador del Seminario de Sistemas Inteligentes 2025},
    howpublished = {Victoria, Tamaulipas, 6 de Junio de 2025.},
    year = 2025,
    month = 6}


@unpublished{2022_OrganizadorEventos,
    author       = {},
    title        = {Responsable Local de la Competencia RoboCup@Home del Torneo Mexicano de Robótica 2022},
    howpublished = {Victoria, Tamaulipas, del 19 al 21 de Mayo de 2022.},
    year = 2022,
    month = 5}

@unpublished{2020_OrganizadorEventos,
    author       = {},
    title        = {Miembro del Comité Organizador de la Etapa Regional del 22o. Certamen Estatal de Creatividad Estatal.},
    howpublished = {Universidad Politécnica de Victoria},
    year = 2020,
    month = 1}

@unpublished{2019_OrganizadorEventos,
    author       = {},
    title        = {Miembro del Comité Organizador de la Etapa Regional del 21o. Certamen Estatal de Creatividad Estatal.},
    howpublished = {Universidad Politécnica de Victoria},
    year = 2019,
    month = 1}

@unpublished{2018_OrganizadorEventos,
    author       = {},
    title        = {Miembro del Comité Organizador de la Etapa Regional del 20o. Certamen Estatal de Creatividad Estatal.},
    howpublished = {Universidad Politécnica de Victoria},
    year = 2018,
    month = 1}

@unpublished{2018_OrganizadorEventosB,
    author       = {},
    title        = {Asesor Externo de la Competencia RoboCup@Home del Torneo Mexicano de Robótica 2018.},
    howpublished = {Monterrey, Nuevo León,},
    year = 2018,
    month = 3}

@unpublished{2016_OrganizadorEventos,
    author       = {},
    title        = {Responsable Local de la Competencia RoboCup@Home del Torneo Mexicano de Robótica 2016},
    howpublished = {Victoria, Tamaulipas, del 15 al 17 de Marzo de 2016.},
    year = 2016,
    month = 3}

@unpublished{2015_OrganizadorEventos,
    author       = {},
    title        = {Coordinador General del Segundo Congreso Nacional de Ingeniería (CONNAI 2015)},
    howpublished = {Universidad Politécnica de Victoria},
    year = 2015,
    month = 9}

@unpublished{2015_OrganizadorEventosb,
    author       = {},
    title        = {Miembro del Comité Organizador Local de la Escuela de Invierno de Robótica (EIR)},
    howpublished = {Universidad Politécnica de Victoria},
    year = 2015,
    month = 1}

@unpublished{2014_OrganizadorEventos,
    author       = {},
    title        = {Coordinador General del Primer Congreso Nacional de Ingeniería (CONNAI 2014)},
    howpublished = {Universidad Politécnica de Victoria},
    year = 2014,
    month = 9}

@unpublished{2010_OrganizadorEventos,
    author       = {},
    title        = {Coordinador del Primer Workshop de Cómputo Reconfigurable y sus Aplicaciones en Educación e Ingeniería,},
    howpublished = {Cancún, Quintana Roo,},
    year = 2010,
    month = 12}


@unpublished{2010_OrganizadorEventosb,
    author       = {},
    title        = {Organizador del Primer Ciclo de Conferencias en Linux},
    howpublished = {Universidad Politécnica de Victoria},
    year = 2010,
    month = 08}

@unpublished{2008_OrganizadorEventosb,
    author       = {},
    title        = {Organizador del Segundo Congreso de Ingeniería en Sistemas Computacionales},
    howpublished = {Instituto Tecnológico de Atlixco, Puebla},
    year = 2008,
    month = 01}

@unpublished{2006_OrganizadorEventosb,
    author       = {},
    title        = {Organizador del Cuarto Ciclo Especializado de Conferencias en Sistemas Computacionales,},
    howpublished = {Instituto Tecnológico de Atlixco, Puebla},
    year = 2006,
    month = 01}

