@unpublished{PertenciaGI_AA_2024a,
    author       = {},
    title        = {Miembro del Nucleo Académico Básico (NAB)},
    howpublished = {Maestría en Ingeniería, Universidad Politécnica de Victoria. Desde 2009 a la actualidad},
    year = 2024,
    month = 1}


@unpublished{PertenciaGI_AA_2023a,
    author       = {},
    title        = {Miembro de la Academica Mexicana de Computación.},  
    howpublished = {Academica Mexicana de Computación},
    year = 2023,
    month = 10}

@unpublished{PertenciaGI_AA_2023b,
    author       = {},
    title        = {Cuerpo Académico Sistemas Inteligentes (Líder).},
    howpublished = {Universidad Politécnica de Victoria. 2020 al 2023},
    year = 2023,
    month = 12}

@unpublished{PertenciaGI_AA_2017b,
    author       = {},
    title        = {Cuerpo Académico Sistemas Inteligentes (Miembro).},
    howpublished = {Universidad Politécnica de Victoria. 2009 al 2017},
    year = 2017,
    month = 12}


