% Encoding: UTF-8
% Revistas JCR, SCIMAGOJR o LATININDEX

@Article{MarcoNuno_Revista_2025_10_28,
    author = {\textbf{M. A. Nuño-Maganda}  and Amador-Cano, Gerardo and Hernández-Mier, Yahir and Saenz-Aguilar, Yessil Varinka and Polanco-Martagón, Said},
    title = {Automatic Detection and Counting of Nannochloropsis oceanica Microalgae: A Comparative Study of Classical Machine Learning Versus Deep Learning–Based Approaches},
    journal = {Aquaculture, Fish and Fisheries},
    volume = {5},
    number = {6},
    month       = {10},
    pages = {e70129},
    keywords = {computer vision, machine learning, microalgae counting},
    doi = {10.1002/aff2.70129},  
    year = {2025}
}


% JCR
@Article{MarcoNuno_Revista_2025_10_21,
    AUTHOR = {Said Polanco-Martagón  and Yahir Hernández-Mier and \textbf{M. A. Nuño-Maganda} and José Hugo Barrón-Zambrano and Andrea Magadán-Salazar and César Alejandro Medellín-Vergara},
    TITLE = {Comparison of Deep Neural Networks for the Classification of Adventitious Lung Sounds},
    JOURNAL = {Journal of Clinical Medicine},
    VOLUME = {14},
    YEAR = {2025},
    NUMBER = {20},
    month       = {10},
    ARTICLE-NUMBER = {7427},
    ISSN = {2077-0383},
    DOI = {10.3390/jcm14207427}
}


% JCR 
@Article{MarcoNuno_Revista_2025_09_02,
    AUTHOR = {Yahir Hernández-Mier and \textbf{M. A. Nuño-Maganda} and Said Polanco-Martagón and Guadalupe Acosta-Villarreal and Rubén Posada-Gómez },
    TITLE = {Unsupervised Optical Mark Recognition on Answer Sheets for Massive Printed Multiple-Choice Tests},
    JOURNAL = {Journal of Imaging},
    VOLUME = {11},
    YEAR = {2025},
    NUMBER = {9},
    month       = {09},
    ARTICLE-NUMBER = {308},
    URL = {https://www.mdpi.com/2313-433X/11/9/308},
    ISSN = {2313-433X},
    DOI = {10.3390/jimaging11090308}
}


% LatinIndex
@Article{MarcoNuno_Revista_2025_05_00,
    author={Juan Eduardo Tovar-Díaz and Said Polanco-Martagón and \textbf{M. A. Nuño-Maganda} and Yahir Hernández-Mier and Mario Enrique García-Luna},
	TITLE = "{Phonocardiogram Classification Using Neural Networks for Anomaly Heart Detection}",
	YEAR = "2025",
	month = {05},
	JOURNAL = "Research in Computing Science",
	VOLUME = "154",
    number = {5},
    URL = {https://www.rcs.cic.ipn.mx/2025_154_5/Phonocardiogram%20Classification%20Using%20Neural%20Networks%20for%20Anomaly%20Heart%20Detection.html},
	note = "{\textbf{ISSN:  1870-4069}}"
}


% LatinIndex
@Article{MarcoNuno_Revista_2025_05_01,
    author={Raul Bautista-Arroyo and Jorge de la Calleja and \textbf{M. A. Nuño-Maganda} and María Auxilio Medina-Nieto},
	TITLE = "{Verificación automática de presentaciones usando inteligencia artificial}",
	YEAR = "2025",
	month = {05},
	JOURNAL = "Research in Computing Science",
	VOLUME = "154",
    number = {9},
    URL = {https://www.rcs.cic.ipn.mx/2025_154_9/Verificacion%20automatica%20de%20presentaciones%20usando%20inteligencia%20artificial.html},
	note = "{\textbf{ISSN:  1870-4069}}"
}


% Book Chapter que cuenta como revista de acuerdo con CONACSHIT
@incollection{MarcoNunoBookChapter_2025A,
  author      = "\textbf{M. A. Nuño-Maganda} and Yahir Hernández-Mier and Said Polanco-Martagón and José Hugo Barrón-Zambrano and Juan Carlos Elizondo-Leal and Alan Díaz-Manriquez",
  title       = "Low-Cost Versatile Remote Healthcare Monitoring of Bedridden Patients ",
  editor      = "Manisha Guduri and Chinmay Chakraborty and Martin Margala",
  booktitle   = "Smart Devices for Medical 4.0 Technologies",
  publisher   = "CRC Press",
  address     = "Boca Raton",
  year        = 2025,
  month       = {04},
  pages       = "18--41",
  chapter     = 2,
  note        = "\textbf{ISSB: 9781003603610}",
  doi         = {10.1201/9781003603610-2},
}


% LatinIndex
@Article{MarcoNuno_Revista_2024_12_00,
	AUTHOR = {\textbf{M. A. Nuño-Maganda} and Yahir Hernandez-Mier and Angel David Mendoza-Valdez and Lessly Gabriela Galván-Villanueva and Said Polanco-Martagón},
	TITLE = "{Sistema de monitoreo remoto de humedad, temperatura y estado de los brotes en un germinador automático}",
	YEAR = "2024",
	month = {12},
	JOURNAL = "Elektron",
	VOLUME = "8",
    number = {2},
    doi = {10.37537/rev.elektron.8.2.196.2024},
	note = "{\textbf{{ISSN: 2525-0159}}}"
}


% LatinIndex
@Article{MarcoNuno_Revista_2024_09_00,
	AUTHOR = {\textbf{M. A. Nuño-Maganda} and  Omar Alejandro Pérez Reyes and Mario Coyoy López and Dafne Patricia Moreno Flores and Ramon Uriel Hernández Sánchez},
	TITLE = "{Aplicación PyQt6 para el conteo en tiempo real: un caso de estudio con detección de naranjas}",
	YEAR = "2024",
	month = {09},
	JOURNAL = "Abstraction \& Application",
	pages = {66--73},
	VOLUME = "47",
    number = {2024},
    URL = {https://intranet.matematicas.uady.mx/journal/descargar.php?id=371},
	note = "{\textbf{{ISSN:  2007-2635}}}"
}


% LATININDEX
@Article{MarcoNuno_Revista_2024_07_00,
	AUTHOR = "Jesús A. Martínez-Vargas and Said Polanco-Martagón and Yahir Hernández-Mier and \textbf{M. A. Nuño-Maganda}",
	TITLE = "{Detección de pimiento morrón utilizando TinyML}",
	YEAR = "2024",
	month = {07},
	JOURNAL = "Research in Computing Science",
	VOLUME = "153",
	number = "7",
    URL = {https://www.rcs.cic.ipn.mx/2024_153_7/Deteccion%20de%20pimiento%20morron%20utilizando%20TinyML.html},
	note = "{\textbf{{ISSN:  1870-4069}}}",
	PAGES = "125--138"
}



% JCR
@article{MarcoNuno_Revista_2024_06_00,
    author = {José Fidencio López-Luna and Eddie Nahúm Armendáriz-Mireles and \textbf{M. A. Nuño-Maganda} and Hiram Herrera-Rivas and Rubén Machucho-Cadena and Jorge Arturo Hernández-Almazán},
    title ={Design and validation of a preliminary instrument to contextualize interactions through information technologies of health professionals},
    journal = {Health Informatics Journal},
    volume = {30},
    number = {2},
    %pages = {14604582241259323},
    year = {2024},
    doi = {10.1177/14604582241259323}
    %note ={PMID: 38886113},
    %URL = { https://doi.org/10.1177/14604582241259323},
    %eprint = {https://doi.org/10.1177/14604582241259323}
}


% LatinIndex
@Article{MarcoNuno_Revista_2023_10_00,
	AUTHOR = "Jorge de la Calleja and Elsa de la Calleja and Hujo Jair-Escalante and Eduardo López-Domínguez and María Áuxilio Medina-Nieto and \textbf{M. A. Nuño-Maganda}",
	TITLE = "{Automatic Image-based Galaxy Classification: An Approach using Fractal Dimension Analysis}",
	YEAR = "2023",
	month = {10},
	JOURNAL = "Research in Computing Science",
	VOLUME = "152",
    number = {10},
	note = "{\textbf{{ISSN:  1870-4069}}}"
}


% JCR
@Article{MarcoNuno_Revista_2023_09_00,
    AUTHOR = {\textbf{M. A. Nuño-Maganda} and Ismael Antonio Dávila-Rodríguez  and Yahir Hernández-Mier  and José Hugo Barrón-Zambrano  and Juan Carlos Elizondo-Leal  and Alan Díaz-Manriquez  and Said Polanco-Martagón},
    TITLE = {Real-Time Embedded Vision System for Online Monitoring and Sorting of Citrus Fruits},
    JOURNAL = {Electronics},
    VOLUME = {12},
    YEAR = {2023},
    NUMBER = {18},
    month = {9},
    ARTICLE-NUMBER = {3891},
    %URL = {https://www.mdpi.com/2079-9292/12/18/3891},
    ISSN = {2079-9292},
    DOI = {10.3390/electronics12183891}
    %note = "{\url{https://www.mdpi.com/2079-9292/12/18/3891}}"
}

% LATININDEX
@Article{MarcoNuno_CongArbEsp_2023_09_0X,
	author = {Jorge Jhovan Rodríguez-Moreno and Osiel Alejandro Ordoñez-Cruz and Jorge Guevara-García and José Andrik Martínez-Rodríguez and Christopher Emmanuel Perez-Duque and \textbf{M. A. Nuño-Maganda} },
	title = {{Implementación de interfaz gráfica en PyQt5 referente a la visualización de pérdida de clasificación lineal}},
	journal = {Abstraction \& Application},
	year = {2023},	
	volume=42,
	issue=3,
	pages = {134--143},
	month = {9},
	url={https://intranet.matematicas.uady.mx/journal/descargar.php?id=308},
	note = "{\textbf{{ISSN:  2007-2635}}}"
}

% LATININDEX
@Article{MarcoNuno_Revista_2022_11_00,
	AUTHOR = "Beatriz Anshel Sánchez-García and Said Polanco-Martagón and Yahir Hernández-Mier and \textbf{M. A. Nuño-Maganda} and Jorge Arturo Hernández-Almazán",
	TITLE = "{Suspicious Lung Disease Prediction from Auscultation Sounds Using Neural Networks}",
	YEAR = "2022",
	month = {12},
	JOURNAL = "Research in Computing Science",
	VOLUME = "151",
	number = "12",
	url={https://rcs.cic.ipn.mx/2022_151_12/Suspicious%20Lung%20Disease%20Prediction%20from%20Auscultation%20Sounds%20Using%20Neural%20Networks.html},
	note = "{\textbf{{ISSN:  1870-4069}}}",
	PAGES = "87--99"
}


% SCIMAGO
﻿@Article{MarcoNuno_Revista_2022_07_00,
author={Carlos Adrian Calles-Arriaga  and 
Juan López Hernández  and 
Martín  Hernández-Ordoñez and 
\textbf{M. A. Nuño-Maganda} and
Manuel Benjamin  Ortiz Moctezuma and 
Enrique Rocha-Rangel},
title={{Magnetic Field Computer Interface Based on Cartesian Robot for Practical Demonstration of Ampere's Law in Precollege Courses}},
journal={Physics Education},
year={2022},
month={7},
publisher={IOP},
note = "{\url{10.1088/1361-6552/ac8518}}"
}



% JCR
﻿@Article{MarcoNuno_Revista_2022_06_00,
author={C{\'e}sar Alfredo Rocha-Herrera 
and Alan D{\'i}az-Manr{\'i}quez
and Jose Hugo Barron-Zambrano
and Juan Carlos Elizondo-Leal
and Vicente Paul Saldivar-Alonso
and Jose Ramon Mart{\'i}nez-Angulo 
and \textbf{M. A. Nuño-Maganda} 
and Said Polanco-Martagon },
title={{EEG Feature Extraction Using Evolutionary Algorithms for Brain-Computer Interface Development}},
journal={Computational Intelligence and Neuroscience},
year={2022},
month={6},
day={29},
publisher={Hindawi},
volume={2022},
pages={7571208},
issn={1687-5265},
doi={10.1155/2022/7571208},
%url={https://doi.org/10.1155/2022/7571208},
%note = "{\url{https://doi.org/10.1155/2022/7571208}}"
}


% JCR
﻿@Article{MarcoNuno_Revista_2022_03_00,
author={
\textbf{M. A. Nuño-Maganda} 
and Josu{\'e} Hel{\'i} Jim{\'e}nez-Arteaga
and Jose Hugo Barron-Zambrano
and Yahir Hern{\'a}ndez-Mier
and Juan Carlos Elizondo-Leal
and Alan D{\'i}az-Manr{\'i}quez
and Cesar Torres-Huitzil
and Said Polanco-Martag{\'o}n},
title={Implementation and integration of image processing blocks in a real-time bottle classification system},
journal={Scientific Reports},
year={2022},
month={3},
day={22},
volume={12},
number={1},
pages={4868},
issn={2045-2322},
doi={10.1038/s41598-022-08777-x}
%url={https://doi.org/10.1038/s41598-022-08777-x},
%note = "{\url{https://doi.org/10.1038/s41598-022-08777-x}}"
}

% LatinIndex
@Article{MarcoNuno_Revista_2022_09_00,
	AUTHOR = "Dino Tonatiuh Gutierrez-Martinez and Orlando Samuel Martinez-Dorantes and Juan Jose Torres-Grimaldo and Adriana Palmero-Torres and Ana Karen Echartea-Juarez and Angela Carrizales and Osiel Gómez and Gabriela Robles and \textbf{M. A. Nuño-Maganda}",
	TITLE = "{Aplicación móvil para consultar rutas de autobuses urbanos en Ciudad Victoria, Tamaulipas}",
	YEAR = "2022",
	month = {9},
	JOURNAL = "Research in Computing Science",
	VOLUME = "151",
    NUMBER = {9},
	note = "{Aceptado. \textbf{{ISSN:  1870-4069}}}"
}

% LatinIndex
@Article{ MarcoNuno_Revista_2021_04_00,
	AUTHOR = "Cristian I. Echartea de la Rosa and \textbf{M. A. Nuño-Maganda} and Yahir Hernández-Mier and Said Polanco-Martagón",
	TITLE = "{Creación de planes alimenticios mediante algoritmos genéticos para combatir la obesidad infantil en México}",
	YEAR = "2021",
	month = {4},
	JOURNAL = "Research in Computing Science, Advances in Information Technology",
	VOLUME = "150",
	number = "4",
    url = {https://www.rcs.cic.ipn.mx/2021_150_4/Creacion%20de%20planes%20alimenticios%20mediante%20algoritmos%20geneticos%20para%20combatir%20la%20obesidad.html},
	note = "{\textbf{{ISSN:  1870-4069}}}",
	PAGES = "51--60"
}

% LatinIndex
@Article{MarcoNuno_Revista_2021_10_00,
	AUTHOR = "José Ramon Arratia-Zapata and \textbf{M. A. Nuño-Maganda} and Yahir Hernández-Mier and Said Polanco-Martagón",
	TITLE = "{Sistema de Monitoreo Remoto de Temperatura y Humedad Utilizando Dispositivos Móviles e IOT}",
	YEAR = "2021",
	month = {11},
	JOURNAL = "Research in Computing Science",
	VOLUME = "150",
    url = {https://www.rcs.cic.ipn.mx/2021_150_11/Sistema%20de%20monitoreo%20remoto%20de%20temperatura%20y%20humedad%20utilizando%20dispositivos%20moviles%20e%20IoT.pdf},
	note = "{Aceptado. \textbf{{ISSN:  1870-4069}}}"

}

% JCR
@Article{MarcoNuno_Revista_2020_11_00,
AUTHOR = {Juan Carlos Elizondo-Leal and José Gabriel Ramirez-Torres and Jose Hugo  Barrón-Zambrano and Alan Diaz-Manríquez and \textbf{M. A. Nuño-Maganda} and Vicente Paul Saldivar-Alonso },
TITLE = {Parallel Raster Scan for Euclidean Distance Transform},
JOURNAL = {Symmetry},
VOLUME = {12},
YEAR = {2020},
NUMBER = {11},
ARTICLE-NUMBER = {1808},
URL = {https://www.mdpi.com/2073-8994/12/11/1808},
ISSN = {2073-8994},
month = {11},
DOI = {10.3390/sym12111808},
note = "{\url{https://doi.org/10.3390/sym12111808}}"

}

% JCR
@Article{MarcoNuno_Revista_2020_10_00,
AUTHOR = {Martín Hernández-Ordoñez  and \textbf{M. A. Nuño-Maganda} and Carlos Adrián Calles-Arriaga and Abelardo Rodríguez-León and Guillermo Efren Ovando-Chacon  and Rolando  Salazar-Hernández  and Omar Montaño-Rivas  and José Margarito Canseco-Cortinas },
TITLE = {Medical Assistant Mobile Application for Diabetes Control by Simulating a Compartmental Model},
JOURNAL = {Applied Sciences},
VOLUME = {10},
YEAR = {2020},
NUMBER = {19},
ARTICLE-NUMBER = {6846},
URL = {https://www.mdpi.com/2076-3417/10/19/6846},
ISSN = {2076-3417},
month = {10},
DOI = {10.3390/app10196846},
note = "{\url{https://doi.org/10.3390/app10196846}}"
}


% JCR
@Article{MarcoNuno_Revista_2020_04_00,
	AUTHOR = {Yahir Hern{\'a}ndez-Mier and \textbf{M. A. Nuño-Maganda} and Said Polanco-Martag{\'o}n and Mar{\'i}a del Refugio Garc{\'i}a Ch{\'a}vez},
	TITLE = {{Machine Learning Classifiers Evaluation for Automatic Karyogram Generation from G-Banded Metaphase Images}},
	journal = "Applied Sciences",
     number= {8},
	VOLUME = {10},
	YEAR = {2020},
	month = {4},
    doi={10.3390/app10082758},
	note = "{Article ID: \textbf{applsci-759087}, \textbf{{ISSN:  2076-3417}}}",
}

% LatinINdex
@Article{ MarcoNuno_Revista_2010_04_00,
	AUTHOR = "\textbf{M. A. Nuño-Maganda} and C{\'e}sar Torres-Huitzil and Miguel Arias-Estrada",
	TITLE = "{Population Coding and SpikeProp Hardware Accelerator for Spiking Neural Networks}",
	YEAR = "2010",
	month = {4},
	JOURNAL = "Research in Computing Science, Advances in Computer Science and Engineering",
	VOLUME = "45",
	EDITOR = "Mart{\'i}nez Miguel and Alarc{\'o}n Antonio",
	note = "{\textbf{{ISSN:  1870-4069}}}",
	PAGES = "145--156"
}

@Article{ MarcoNuno_Revista_2010_09_00,
	AUTHOR = "\textbf{M. A. Nuño-Maganda} and C{\'e}sar Torres-Huitzil",
	TITLE = "{A Temporal Coding Hardware Implementation for Spiking Neural Networks}",
	YEAR = "2010",
	JOURNAL = "ACM SIGARCH Computer Architecture News",
	VOLUME = "38",
	NUMBER = "4",
	month = {9},
	note = "{\url{https://doi.org/10.1145/1926367.1926369}, \textbf{{ISSN:  0163-5964}}}",
	PAGES = "2--7"
}

@Article{ MarcoNuno_Revista_2011_06_00,
	author = "Carlos Polanco-Gonz{\'a}lez and \textbf{M. A. Nuño-Maganda} and Miguel Arias-Estrada and Gabriel del R{\'i}o",
	journal = "PLoS ONE",
	publisher = "Public Library of Science",
	title = "{An FPGA Implementation to Detect Selective Cationic Antibacterial Peptides}",
	year = "2011",
	month = {6},
	volume = "6",
	pages = "e21399",
	number = "6",
	note = "{\url{https://doi.org/10.1371/journal.pone.0021399}, \textbf{{ISSN:  1932-6203, Indexado SCI}}}",
	doi = "10.1371/journal.pone.0021399"
}

@Article{ MarcoNuno_Revista_2012_09_00,
	author = "Marco Delgadillo-Escobar and C{\'e}sar Torres-Huitzil and \textbf{M. A. Nuño-Maganda}",
	journal = "IEICE Electronics Express",
	title = "{Comparison between 2D cellular automata based pseudorandom number generators}",
	year = "2012",
	month = {9},
	volume = "9",
	number = "17",
	pages = "1391--1396",
	note = "{\url{https://doi.org/10.1587/elex.9.1391}, \textbf{{ISSN: 1349-2543, Indexado SCI}}}"
}

@Article{ MarcoNuno_Revista_2014_10_00,
	author = "C{\'e}sar Torres-Huitzil and \textbf{M. A. Nuño-Maganda}",
	journal = "ACM SIGARCH Computer Architecture News",
	title = "{Area-time efficient implementation of local adaptive image
thresholding in reconfigurable hardware}",
	year = "2014",
	month = {9},
	volume = "42",
	number = "4",
	pages = "33--38",
	note = "{\url{https://doi.org/10.1145/2693714.2693721}, \textbf{{ISSN:  0163-5964}}}",
}


@Article{ MarcoNuno_Revista_2018_02_00,
	author = "Heidy Marisol Mar{\'i}n-Castro and Victor Sosa and \textbf{M. A. Nuño-Maganda}",
	journal = "IEEE Latin America Transactions",
	title = "{{Automatic construction of vertical search tools for the Deep Web}}",
	year = "2018",
	month = {2},
	volume = "16",
	number = "2",
	pages = "574--584",
	note = "{\url{https://doi.org/10.1109/TLA.2018.8327415}, \textbf{{ISSN:  1548-0992}}}",
}

@Article{ MarcoNuno_Revista_2018_03_00,
	author = "Samantha Yasivee Carrizales-Villag{\'o}mez and \textbf{M. A. Nuño-Maganda}  and  Javier Rubio-Loyola",
	journal = "Mobile Information Systems",
	title = "{{A Platform for e-Health Control and Location Services for Wandering Patients}}",
	YEAR = {2018},
	month = {04},
	VOLUME = {18},
	note = {{\url{https://doi.org/10.1155/2018/8164376}, Article ID: \textbf{8164376}, \textbf{{ISSN:  1875-905X}}}}
}

@Article{MarcoNuno_Revista_2018_07_00,
	AUTHOR = {\textbf{M. A. Nuño-Maganda} and Herrera-Rivas, Hiram and Torres-Huitzil, Cesar and Marisol Mar{\'i}n-Castro, Heidy and Coronado-P{\'e}rez, Yuriria},
	TITLE = {{On-Device Learning of Indoor Location for WiFi Fingerprint Approach}},
	JOURNAL = {Sensors},
	VOLUME = {18},
	YEAR = {2018},
	NUMBER = {7},
	month = {7},
	note = "{\url{https://doi.org/10.3390/s18072202}, Article ID: \textbf{2202}, \textbf{{ISSN:  1424-8220}}}",
}

@Article{MarcoNuno_Revista_2018_08_00,
	AUTHOR = {Mart{\'i}n Hern{\'a}ndez-Ordo{\~n}ez and \textbf{M. A. Nuño-Maganda} and Carlos A. Calles-Arriaga and Omar Monta{\~n}o-Rivas and Karla E. Bautista Hern{\'a}ndez},
	TITLE = {{An Education Application for Teaching Robot Arm Manipulator Concepts Using Augmented Reality}},
	journal = "Mobile Information Systems",
	VOLUME = {2018},
	YEAR = {2018},
	month = {8},
	note = "{\url{https://doi.org/10.1155/2018/6047034}, Article ID: \textbf{6047034}, \textbf{{ISSN:  1875-905X}}}",
}

@Article{MarcoNuno_Revista_2020_06_00,
  author  = {\textbf{M. A. Nuño-Maganda} and C. {Torres-Huitzil} and Y. {Hernández-Mier} and J. {De La Calleja} and C. C. {Martinez-Gil} and J. H. B. {Zambrano} and A. D. {Manríquez}},
  title   = {Smartphone-Based Remote Monitoring Tool for e-Learning},
  journal = {IEEE Access},
  year    = {2020},
  volume  = {8},
  pages   = {121409-121423},
  month   = {6},
  note    = {{\url{https://doi.org/10.1109/ACCESS.2020.3005330} \textbf{{ISSN:  2169-3536}}}},
  doi     = {10.1109/ACCESS.2020.3005330},
  url     = {10.1109/ACCESS.2020.3005330},
}

@Comment{jabref-meta: databaseType:bibtex;}
