% Encoding: UTF-8
@Article{ MarcoNunoRevistaNoArb_2013_03_01,
	AUTHOR = "\textbf{Marco Aurelio Nuño-Maganda} and Josu{\'e} Hel{\'i} Jim{\'e}nez-Arteaga and C{\'e}sar Torres-Huitzil and Miguel Arias Estrada",
	TITLE = "{{Sistemas Reconfigurables Aplicables a Sistemas Inteligentes}}",
	YEAR = "2013",
	month = mar,
	JOURNAL = "GAIABIT",
	PAGES = "24--30"
}

@Article{ MarcoNunoRevistaNoArb05,
	AUTHOR = "\textbf{Marco Aurelio Nuño-Maganda}",
	TITLE = "{{Plataformas de Desarrollo Did{\'a}cticas para Prototipado de Sistemas Digitales}}",
	YEAR = "2007",
	month = jun,
	JOURNAL = "Evoluci{\'o}n (Revista de Divulgaci{\'o}n del Instituto Tecnol{\'o}gio Superior de Atlixco)",
	number = "13",
	PAGES = "43--47"
}

@InProceedings{ MarcoNunoRevistaNoArb04,
	AUTHOR = "\textbf{Marco Aurelio Nuño-Maganda} and Miguel Arias-Estrada",
	TITLE = "{ Arquitectura Hardware para el Seguimiento de Objetos Utilizando Procesamiento Piramidal}",
	BOOKTITLE = "Tercer Encuentro de Investigaci{\'o}n (INAOE)",
	YEAR = "2002",
	pages = "353--356"
}

@InProceedings{ MarcoNunoRevistaNoArb03,
	AUTHOR = "\textbf{Marco Aurelio Nuño-Maganda} and Miguel Arias-Estrada and Torres-Huitzil, C{\'e}sar",
	TITLE = "{ Towards the implementation of a Parallel Architecture for Spiking Neural Networks}",
	BOOKTITLE = "Consorcio Doctoral, Encuentro Nacional de Computaci{\'o}n",
	YEAR = "2006",
	pages = "8--9"
}

@InProceedings{ MarcoNunoRevistaNoArb02,
	AUTHOR = "\textbf{Marco Aurelio Nuño-Maganda} and Miguel Arias-Estrada and Torres-Huitzil, C{\'e}sar",
	TITLE = "{ An FPGA-based Architecture for Spiking Neural Networks: Initial Steps}",
	BOOKTITLE = "S{\'e}ptimo Encuentro de Investigaci{\'o}n (INAOE)",
	YEAR = "2006",
	pages = "241--244"
}

@InProceedings{ MarcoNunoRevistaNoArb01,
	AUTHOR = "\textbf{Marco Aurelio Nuño-Maganda} and Miguel Arias-Estrada and Torres-Huitzil, C{\'e}sar",
	TITLE = "{ Hardware Implementation of SpikeProp Learning Preliminary Results}",
	BOOKTITLE = "Octavo Encuentro de Investigaci{\'o}n (INAOE)",
	YEAR = "2007",
	pages = "201--205"
}

@Comment{jabref-meta: databaseType:bibtex;}
