% Revistas que no estan INDIZADAS pero que son ARBITRADAS


@Article{MarcoNuno_CongArbEsp_2022_12_01,
	author = {Dino Tonatiuh Gutierrez-Martinez and Marlly Yuleth Cantú-Charles and Jesus Eduardo Uriegas-Ibarra and \textbf{M. A. Nuño-Maganda} },
	title = {{Simulación de brazo robótico en dispositivos móviles utilizando OpenGL ES}},
	journal = {Difu100ci@, Revista De difusión científica, ingeniería Y tecnologías},
	year = {2022},	
	number=16,
	issue=3,
	pages = {1--8},
	note={\url{http://difu100cia.uaz.edu.mx/index.php/difuciencia/article/view/286}},
    Month  = {12}
}

@Article{MarcoNuno_CongArbEsp_2022_12_02,
	author = {David Josué Esquivel-Godoy and   \textbf{M. A. Nuño-Maganda} and  Yahir Hernández-Mier and  Said Polanco-Martagón},
	title = {Módulos de supervisión y automatización de un sistema hidropónico mediante lógica difusa y visión por computadora},
	journal = {Difu100ci@, Revista De difusión científica, ingeniería Y tecnologías},
	year = {2022},	
	number=16,
	issue=3,
	pages = {15--22},
	note={\url{http://difu100cia.uaz.edu.mx/index.php/difuciencia/article/view/277}},
    Month  = {12}
}


@Article{MarcoNuno_CongArbEsp_2022_12_03,
	author = {\textbf{M. A. Nuño-Maganda} and Axel Issai Alemán-Delgado  and  Isaac De Jesús Becerra-Martínez  and  Karen Lizeth García-Rivera  and  Didre Dayan Mota-González  and  Daniela Estefanía Huerta-Vázquez  and  Carlos Alejandro Reyes-Puga},
	title = {{Integración de un escanner 3D con sensores ultrasónicos y una aplicación móvil para visualización de modelos tridimensionales}},
	journal = {Difu100ci@, Revista De difusión científica, ingeniería Y tecnologías},
	year = {2022},	
	number=16,
	issue=3,
	pages = {58--64},
	note={\url{http://difu100cia.uaz.edu.mx/index.php/difuciencia/article/view/254}},
    Month  = {12}
}


% Encoding: UTF-8
@Article{ MarcoNuno_RevistaESP_2012_04_00,
	AUTHOR = "Miguel Morales-Sandoval and \textbf{M. A. Nuño-Maganda}",
	TITLE = "{Aplicaciones del Cómputo Reconfigurable: Casos de estudio en Criptografía y Visión por Computadora}",
	YEAR = "2012",
	month = apr,
	JOURNAL = "TecnoIntelecto",
	Number = "1",
	VOLUME = "9",
	note = "{\textbf{\underline{ISSN: 1665-983X}}}",
	PAGES = "26--38"
}

% NO VALE LA PENA DUPLICAR LOS ARTICULOS DE ACADEMIA JOURNALS!!!
%@Article{Revista2020_AcademiaJorrnals,
  %author  = {José Luis Pérez-Avila and Marco Aurelio Nuño Maganda and Yahir Hernández Mier and Said Polanco Martagon},
  %title   = {Implementación de un Sistema de Vídeo Vigilancia para Vehículos de Gama Media-Baja},
  %journal = {Memorias del Congreso Internacional de Investigación Academia Journals Celaya 2020},
  %year    = {2020},
  %volume  = {12},
  %number  = {8},
  %pages   = {1914--1920},
  %month   = {11},
 % issn    = {1946--5351},
%}

@Comment{jabref-meta: databaseType:bibtex;}
