@Misc{TesisHomeroSimpson,
Author = {{Homero Pérez Mata}},
title     =     {\textit{Sistema de supervisión de aeroponía autónomo mediante el uso de TinyML}},
HOWPUBLISHED = {Tesis de Maestría en Ingeniería, Universidad Politécnica de Victoria},
Year = 2024,
month={12}}


@Misc{TesisJuanEduardo,
Author = {{Juan Eduardo Rivera López}},
title     =     {\textit{Desarrollo de un robot cilíndrico para el monitoreo remoto de un sistema hidropónico vertical}},
HOWPUBLISHED = {Tesis de Maestría en Ingeniería, Universidad Politécnica de Victoria},
Year = 2024,
month={11}}



@Misc{TesisDavid,
Author = {{David Josué Esquivel Godoy}},
title     =     {\textit{Diseño y Construcción de un Sistema Hidropónico de Técnica de Flujo Profundo Controlado por Lógica Difusay Supervisado Mediante Internet de la Cosas}},
HOWPUBLISHED = {Tesis de Maestría en Ingeniería, Universidad Politécnica de Victoria},
Year = 2023,
month={9}}


@Misc{TesisBeatriz,
Author = {{Beatriz Anshel Sánchez García}},
title     =     {\textit{Clasificación por aprendizaje automático de personas sanas y sospechosas de padecimientos respiratorios mediante el procesamiento de sonidos pulmonares}},
HOWPUBLISHED = {Tesis de Maestría en Ingeniería, Universidad Politécnica de Victoria},
Year = 2023,
month={2}}

@Misc{TesisVillatoro,
Author = {{Daniel Humberto Villatoro Carranco}},
title     =     {\textit{Sistema Multiplataforma de Procesamiento de Imágenes para Detección de Intrusos}},
HOWPUBLISHED = {Tesis de Maestría en Ingeniería, Universidad Politécnica de Victoria},
Year = 2022,
month={1}}

@Misc{TesisEchartea,
Author = {{Cristian Isidro Echartea De la Rosa}},
title     =     {\textit{Aplicación Móvil para Concientizar a Niños en la importancia de la Prevención de la Obesidad}},
HOWPUBLISHED = {Tesis de Maestría en Ingeniería, Universidad Politécnica de Victoria},
Year = 2021,
month={12}}

@Misc{TesisDavila,
Author = {{Ismael Antonio Dávila Rodríguez}},
title     =     {\textit{Clasificador de Naranjas por Tamaño y Color implementado en FPGA usando aprendizaje supervisado}},
HOWPUBLISHED = {Tesis de Maestría en Ingeniería, Universidad Politécnica de Victoria},
Year = 2020,
month={12}}

@Misc{TesisVictor,
Author = {{Victor Frausto Guereña}},
title     =     {\textit{Diseño e Implementación de un Sistema Automático para estimar la Ingesta Diaria Recomendada de Calorias utilizando Técnica de Aprendizaje Automático y Sensores}},
HOWPUBLISHED = {Tesis de Maestría en Ingeniería, Universidad Politécnica de Victoria},
Year = 2020,
month={6}}

@Misc{TesisPaz,
Author = {{Jesús Alejandro Paz Villafaña}},
title     =     {\textit{Predicción de readmisión hospitalaria de pacientes diabéticos mediante ensamble de clasificadores}},
HOWPUBLISHED = {Tesis de Maestría en Ingeniería, Universidad Politécnica de Victoria},
Year = 2019,
month={2}}

@Misc{TesisSamantha,
Author = {{Samantha Carrizales Villagómez}},
title     =     {\textit{Diseño e Implementación de una Aplicación Móvil Configurable para el Monitoreo de Frecuencia Cardiaca y Estado de Estrés}},
HOWPUBLISHED = {Tesis de Maestría en Ingeniería, Universidad Politécnica de Victoria},
Year = 2017,
month={9}}


@Misc{TesisGustavoBujano,
Author = {{Gustavo Bujano Guzmán}},
title     =     {\textit{Metodología de Automatización y Monitoreo a Vehiculos de Gama Baja: Confort y Emisión de Gases}},
HOWPUBLISHED = {Tesis de Maestría en Ingeniería, Universidad Politécnica de Victoria},
Year = 2017,
month={2}}

@Misc{TesisYuririaCoronado,
Author = {{Yuriria Coronado Pérez}},
title     =     {\textit{Localización de Dispositivos Móviles en el Interior de Edificios Empleando Redes Wi-Fi}},
HOWPUBLISHED = {Tesis de Maestría en Ingeniería, Universidad Politécnica de Victoria},
Year = 2016,
month={12}}

@Misc{TesisMariaGarcia,
Author = {{María del Refugio García Chávez}},
title     =     {\textit{Evaluación de Algoritmos de Aprendizaje Automático para la Clasificación de Imágenes Segmentadas de Cromosomas de Bandeo G}},
HOWPUBLISHED = {Tesis de Maestría en Ingeniería, Universidad Politécnica de Victoria},
Year = 2016,
month={12}}


@Misc{TesisLuisGarcia,
Author = {{Luis Rodolfo García García}},
title     =     {\textit{Sistema de Visión para Detección de Placas}},
HOWPUBLISHED = {Tesis de Maestría en Ingeniería, Universidad Politécnica de Victoria},
Year = 2016,
month={2}}

@Misc{TesisRaulPena,
Author = {{Raúl Humberto Peña González}},
title     =     {\textit{Sistema Basado en Procesamiento de Imágenes para la Detección de Ocupantes en Vehículos en Movimiento}},
HOWPUBLISHED = {Tesis de Maestría en Ingeniería, Universidad Politécnica de Victoria},
Year = 2015,
month={2}}

@Misc{TesisArturoMtz,
Author = {{Arturo Martínez Rodríguez}},
title     =     {\textit{Diseño y Co-simulación de una Arquitectura Hardware para la Identificación de Frutas por Tamaño en un FPGA}},
HOWPUBLISHED = {Tesis de Maestría en Ingeniería con Especialidad en Mecatrónica, Universidad Politécnica de Victoria},
Year = 2013,
month={6}}

@Misc{TesisBlasHuerta,
Author = {{Blas Iván Huerta Sánchez}},
title     =     {\textit{Diseño de un Sistema Básico de Procesamiento de Señales Electromigráficas para la Manipulación de una Prótesis de Extramidad Superior Basado en un Dispositivo FPGA.}},
HOWPUBLISHED = {Tesis de Maestría en Ingeniería con Especialidad en Mecatrónica, Universidad Politécnica de Victoria},
Year = 2013,
month={2}}


@Misc{TesisJosueJimenez,
Author = {{Josué Helí Jiménez Arteaga}},
title     =     {\textit{Diseño de una arquitectura hardware aplicada a la clasificación de envases por color.}},
HOWPUBLISHED = {Tesis de Maestría en Ingeniería con Especialidad en Mecatrónica, Universidad Politécnica de Victoria},
Year = 2012,
month={12}}

@misc{TesisErnestoGarcia,
Author = {{Ernesto García Amaro}},
title = {\textit{Uso de Técnicas de Visión por Computadora y Aprendizaje Automático para Detección y Reconocimiento de Rostros}},
Year = 2012,
month={8},
HOWPUBLISHED = {Tesis de Maestría en Ingeniería con Especialidad en Tecnologías de la Información. Universidad Politécnica de Victoria}
}


@misc{TesisManuelRuiz,
   Author = {{Manuel Ruiz Mendez}},  
  TITLE = {\textit{Control de Movimiento de Brazo Robot operado a un Grado de Libertad mediante Captura en Video por Cámara Web}},
  YEAR = 2012,
  month={2},
  HOWPUBLISHED = {Tesis de Maestría en Ingeniería con Especialidad en Tecnologías de la Información. Universidad Politécnica de Victoria}
}






