% This file was created with JabRef 2.10.
% Encoding: UTF-8

% 2024
% TO DO: ADD 6 tesis dirigidas ENE-ABR 2024

% To DO: Agregar guiones a los apellidos


@Misc{TesisUPV2024-01,
  Title                    = {\textit{Migración del SIC - Creación de Nuevos Modulos Académicos para el Sistema Integral del Cobat (SIC) del Colegio de Bachilleres del Estado de Tamaulipas.}},
  HowPublished             = {Tesis de Ingeniería en Tecnologías de la Información, Universidad Politécnica de Victoria},
  Month                    = {4},
  Author = {{Francisco Gael Sustaita Reyna}},
  Year                     = {2024}
}

@Misc{TesisUPV2024-02,
  Title                    = {\textit{Desarrollo y Modernización de Plataforma Tecnológica de la Empresa CERREY S.A de C.V.}},
  HowPublished             = {Tesis de Ingeniería en Tecnologías de la Información, Universidad Politécnica de Victoria},
  Month                    = {4},
  Author = {{Kevin Alejandro Hernandez Campillo}},
  Year                     = {2024}
}


@Misc{TesisUPV2024-03,
  Title                    = {\textit{Sistema de IA Conversacional para Soluciones Empresariales}},
  HowPublished             = {Tesis de Ingeniería en Tecnologías de la Información, Universidad Politécnica de Victoria},
  Month                    = {4},
  Author = {{José Rodolfo Cervantes Cabrera}},
  Year                     = {2024}
}

@Misc{TesisUPV2024-04,
  Title                    = {\textit{Diseño y Desarrollo de Interfaces en VUE3 JS para SEBIEN: Enfoque en Experiencia de Usuario (UX) y Diseño (UI)}},
  HowPublished             = {Tesis de Ingeniería en Tecnologías de la Información, Universidad Politécnica de Victoria},
  Month                    = {4},
  Author = {{Lorena Marisol Romero Hernandez}},
  Year                     = {2024}
}

@Misc{TesisUPV2024-05,
  Title                    = {\textit{FASE 2: Programación de la base de datos del Sistema de Seguimiento y Evaluación de Programas de Bienestar Social para la Coordinación de Calidad.}},
  HowPublished             = {Tesis de Ingeniería en Tecnologías de la Información, Universidad Politécnica de Victoria},
  Month                    = {4},
  Author = {{Jorge Luis Charles Torres}},
  Year                     = {2024}
}

@Misc{TesisUPV2024-06,
  Title                    = {\textit{Desarrollo de Front-End para el Sistema de Seguimiento y Evaluación de Programas de Bienestar Social de la Coordinación de Calidad FASE 2.}},
  HowPublished             = {Tesis de Ingeniería en Tecnologías de la Información, Universidad Politécnica de Victoria},
  Month                    = {4},
  Author = {{Sonia Lizbeth Muñoz Barrientos  }},
  Year                     = {2024}
}
% Los Mecotronicos (ENE-ABRL 2024)
@Misc{TesisUPV2024-07,
  Title                    = {\textit{Análisis, diseño e implementación de software para un Germinador Automático}},
  HowPublished             = {Tesis de Ingeniería en Mecatrónica, Universidad Politécnica de Victoria},
  Month                    = {4},
  Author = {{Lessly Gabriela Galván Villanueva}},
  Year                     = {2024}
}

@Misc{TesisUPV2024-08,
  Title                    = {\textit{Desarrollo de circuitos electrónicos y diseño de un prototipo de Germinador Automático}},
  HowPublished             = {Tesis de Ingeniería en Mecatrónica, Universidad Politécnica de Victoria},
  Month                    = {4},
  Author = {{Angel David Mendoza Váldez}},
  Year                     = {2024}
}


@Misc{TesisUPV2024-09,
  Title                    = {\textit{Optimización del Proceso de Escritura Académica Mediante el Desarrollo de un Sistema Web de Formateo de Archivos TEX}},
  HowPublished             = {Tesis de Ingeniería en Tecnologías de la Información, Universidad Politécnica de Victoria},
  Month                    = {8},
  Author = {{César Zavala López}},
  Year                     = {2024}
}

@Misc{TesisUPV2024-10,
  Title                    = {\textit{Desarrollo de una Nueva Versión del Sistema Web Enterprise Management Portal (EMP) para la Empresa SVAM International de México}},
  HowPublished             = {Tesis de Ingeniería en Tecnologías de la Información, Universidad Politécnica de Victoria},
  Month                    = {8},
  Author = {{Hernando Uriel Tores De Luna}},
  Year                     = {2024}
}


% 2023

@Misc{TesisUPV2023-01,
  Title                    = {\textit{Migración de la Base de Datos y Desarrollo de un Sistema Web para la empresa Cítricos Las Hadas}},
  HowPublished             = {Tesis de Ingeniería en Tecnologías de la Información, Universidad Politécnica de Victoria},
  Month                    = {4},
  Author = {{ Ezer Manuel Banda-Olivo}},
  Year                     = {2023}
}

@Misc{TesisUPV2023-02,
  Title                    = {\textit{Desarrollo del módulo de control de mantenimiento del sistema de gestión de flotas de carga y transporte para la empresa Saktesi telemetría}},
  HowPublished             = {Tesis de Ingeniería en Tecnologías de la Información, Universidad Politécnica de Victoria},
  Month                    = {4},
Author = {{ Héctor Ulises Avendaño Rebollo}},
  Year                     = {2023}
}


@Misc{TesisUPV2023-03,
  Title                    = {\textit{Evaluación de Algoritmos de Segmentación de Imágenes de Cromosomas}},
  HowPublished             = {Tesis de Ingeniería en Tecnologías de la Información, Universidad Politécnica de Victoria},
  Month                    = {4},
Author = {{ Lizbeth Pozos Yáñez}},
  Year                     = {2023}
}

@Misc{TesisUPV2023-04,
  Title                    = {\textit{Módulo de administración de neumáticos del sistema de gestión de flotas de transporte para la empresa Saktesi Telemetría}},
  HowPublished             = {Tesis de Ingeniería en Tecnologías de la Información, Universidad Politécnica de Victoria},
  Month                    = {4},
Author = {{ Francisco Uriel Vanoye Rodríguez}},
  Year                     = {2023}
}



@Misc{TesisUPV2023-05,
  Title                    = {\textit{Desarrollo de un Sistema Web para la Gestión de Información de la Escuela Secundaria General No 1. ``Pdte. Ruiz Cortines'', de Ciudad Victoria, Tamaulipas}},
  HowPublished             = {Tesis de Ingeniería en Tecnologías de la Información, Universidad Politécnica de Victoria},
  Month                    = {8},
Author = {{ Didre Dayan Mota González}},
  Year                     = {2023}
}






@Misc{TesisUPV2022-01,
  Title                    = {\textit{Implementacion de Servicio de Chat y Solicitudes de Amistad en la Aplicacion Northbikers para la Empresa Motorrax}},
  HowPublished             = {Tesis de Ingeniería en Tecnologías de la Información, Universidad Politécnica de Victoria},
  Month                    = {12},
Author = {{ Axel Issai Alemán Delgado}},
  Year                     = {2022}
}

@Misc{TesisUPV2022-02,
  Title                    = {\textit{Aplicación móvil multiplataforma para la visualización de datos en tiempo real sobre la calidad del aire en ambientes industriales}},
  HowPublished             = {Tesis de Ingeniería en Tecnologías de la Información, Universidad Politécnica de Victoria},
  Month                    = {12},
Author = {{ Isaac de Jesús Becerra Martínez}},
  Year                     = {2022}
}

@Misc{TesisUPV2022-03,
  Title                    = {\textit{Sistema Web de Administración de Viáticos}},
  HowPublished             = {Tesis de Ingeniería en Tecnologías de la Información, Universidad Politécnica de Victoria},
  Month                    = {12},
Author = {{ Mariana Leilany Pineda Amador}},
  Year                     = {2022}
}

@Misc{TesisUPV2022-04,
  Title                    = {\textit{Desarrollo del menú web de los negocios ``Café Rosita'' y ``Hielo Cristal'' y los módulos de categorías, tarjeta de restaurantes y notificaciones push de la aplicación móvil híbrida ``Como, Luego Existo''}},
  HowPublished             = {Tesis de Ingeniería en Tecnologías de la Información, Universidad Politécnica de Victoria},
  Month                    = {12},
Author = {{ Daniela Estefania Huerta Vázquez}},
  Year                     = {2022}
}

@Misc{TesisUPV2022-05,
  Title                    = {\textit{Diseño e implementación de una aplicación móvil híbrida del directorio gastronómico ``Como, Luego Existo'' para la empresa ``GECTAM S.A. de C.V.''}},
  HowPublished             = {Tesis de Ingeniería en Tecnologías de la Información, Universidad Politécnica de Victoria},
  Month                    = {12},
Author = {{ María Fernanda Coronado Alejos}},
  Year                     = {2022}
}

@Misc{TesisUPV2022-06,
  Title                    = {\textit{Aprendizaje profundo con imágenes RGB-D: Monitoreo de verduras en sistemas hidropónicos}},
  HowPublished             = {Tesis de Ingeniería en Tecnologías de la Información, Universidad Politécnica de Victoria},
  Month                    = {8},
Author = {{ César Alejandro Medellín Vergara}},
  Year                     = {2022}
}

% ENE-ABRIL2022: 2 ALUMNOS REPROBADOS POR NO PRESENTAR NADA


@Misc{TesisUPV2021-01,
  Title                    = {\textit{Módulo de Identificación por Radio Frecuencia y Protocolo de Comunicación Ethernet para Sistema de Control de Asistencia}},
  HowPublished             = {Tesis de Ingeniería en Tecnologías de la Información, Universidad Politécnica de Victoria},
  Month                    = {4},
Author = {{ Rubén Darío Ramírez Pineda}},
  Year                     = {2021}
}

@Misc{TesisUPV2021-02,
  Title                    = {\textit{Sistema Web con Interfaz de Mapas para el Registro de Usuarios para la Secretaría de Bienestar de Tamaulipas (SEBIEN)}},
  HowPublished             = {Tesis de Ingeniería en Tecnologías de la Información, Universidad Politécnica de Victoria},
  Month                    = {4},
Author = {{ Cristian Eduardo Rodriguez Balboa}},
  Year                     = {2021}
}

@Misc{TesisUPV2021-03,
  Title                    = {\textit{Mejora y actualización del sistema web para registro y control de trámites de la Dirección de Desarrollo Urbano, Medio Ambiente y Transporte}},
  HowPublished             = {Tesis de Ingeniería en Tecnologías de la Información, Universidad Politécnica de Victoria},
  Month                    = {4},
Author = {{ Elizabeth Soto Trejo}},
  Year                     = {2021}
}

@Misc{TesisUPV2021-04,
  Title                    = {\textit{Diseño de una Aplicación Móvil para un Sistema de Gestión de Pedidos en un Restaurante Utilizando Códigos QR}},
  HowPublished             = {Tesis de Ingeniería en Tecnologías de la Información, Universidad Politécnica de Victoria},
  Month                    = {4},
Author = {{ Héctor Alejandro Vega Lara}},
  Year                     = {2021}
}

% Asesor Empresarial
@Misc{TesisUPV2021-05,
  Title                    = {\textit{Aplicación de Escritorio para la Generación de Estadísticas de Citas Bibliográficas}},
  HowPublished             = {Tesis de Ingeniería en Tecnologías de la Información, Universidad Politécnica de Victoria},
  Month                    = {4},
Author = {{ Erick Aguilar Coello}},
  Year                     = {2021}
}

% Asesor Empresarial
@Misc{TesisUPV2021-06,
  Title                    = {\textit{Sistema de Monitoreo Remoto de Refrigeradores Utilizando Dispositivos Móviles e IoT}},
  HowPublished             = {Tesis de Ingeniería en Tecnologías de la Información, Universidad Politécnica de Victoria},
  Month                    = {4},
Author = {{ José Ramón Arratia Zapata}},
  Year                     = {2021}
}

% Asesor Empresarial
@Misc{TesisUPV2021-07,
  Title                    = {\textit{Aplicación de Escritorio para Crear un Conjunto de Imágenes de Texto para Reconocimiento de Texto en Tickets de Compra}},
  HowPublished             = {Tesis de Ingeniería en Tecnologías de la Información, Universidad Politécnica de Victoria},
  Month                    = {4},
Author = {{ Eduar Rafael López Zuñiga}},
  Year                     = {2021}
}

@Misc{TesisUPV2021-07XX1,
  Title                    = {\textit{Sistema Gestor para el Control de Paquetes de Zapatería}},
  HowPublished             = {Tesis de Ingeniería en Tecnologías de la Información, Universidad Politécnica de Victoria},
  Month                    = {8},
Author = {{ Ismael Joselin Gallegos Hinojosa}},
  Year                     = {2021}
}

@Misc{TesisUPV2021-07XX2,
  Title                    = {\textit{Mejorar eficiencia en solicitudes de clientes}},
  HowPublished             = {Tesis de Ingeniería en Tecnologías de la Información, Universidad Politécnica de Victoria},
  Month                    = {8},
Author = {{ Daniel Alejandro Luna Carranza}},
  Year                     = {2021}
}

@Misc{TesisUPV2021-07XX3,
  Title                    = {\textit{Notificación de actualizaciones de la información en un sistema de información web de pacientes hospitalizados a sus familiares}},
  HowPublished             = {Tesis de Ingeniería en Tecnologías de la Información, Universidad Politécnica de Victoria},
  Month                    = {8},
Author = {{ Luis Gerardo Perales Torres}},
  Year                     = {2021}
}



@Misc{TesisUPV2021-08,
  Title                    = {\textit{Implementación de una aplicación móvil del Sistema de Gestión de Activos para COEPRIS}},
  HowPublished             = {Tesis de Ingeniería en Tecnologías de la Información, Universidad Politécnica de Victoria},
  Month                    = {12},
Author = {{ Alejandro Lumbreras Olvera}},
  Year                     = {2021}
}

@Misc{TesisUPV2021-09,
  Title                    = {\textit{Desarrollo e Implementación de Interfaces con Diseño UX/UI para el Sistema Web de Administración Deportiva Lizard +Sports}},
  HowPublished             = {Tesis de Ingeniería en Tecnologías de la Información, Universidad Politécnica de Victoria},
  Month                    = {12},
Author = {{ Christian Alejandro Saldaña Calderón}},
  Year                     = {2021}
}

@Misc{TesisUPV2021-10,
  Title                    = {\textit{Aplicación Didáctica para el Aprendizaje de las Redes de Bravaís}},
  HowPublished             = {Tesis de Ingeniería en Tecnologías de la Información, Universidad Politécnica de Victoria},
  Month                    = {12},
Author = {{ Claudia Corina Vásquez Pérez}},
  Year                     = {2021}
}

@Misc{TesisUPV2021-11,
  Title                    = {\textit{Desarrollo del sistema móvil multi plataforma +Val Connect para la administración de colonias privadas y edificios departamentales}},
  HowPublished             = {Tesis de Ingeniería en Tecnologías de la Información, Universidad Politécnica de Victoria},
  Month                    = {12},
Author = {{ Francisco Javier Villanueva Márquez}},
  Year                     = {2021}
}

@Misc{TesisUPV2021-12,
  Title                    = {\textit{Implementación de un modelo de seguridad informática para el sistema de gestión de activos para la empresa COEPRIS}},
  HowPublished             = {Tesis de Ingeniería en Tecnologías de la Información, Universidad Politécnica de Victoria},
  Month                    = {12},
Author = {{ Jonathan Alejandro Juárez Hernández}},
  Year                     = {2021}
}







@Misc{TesisUPV2020-01,
  Title                    = {\textit{Sistema Web para manejo de Recursos Humanos en la empresa APTIV II}},
  HowPublished             = {Tesis de Ingeniería en Tecnologías de la Información, Universidad Politécnica de Victoria},
  Month                    = {4},
Author = {{ Cristian Ramiro Avalos Aguilar}},
  Year                     = {2020}
}

@Misc{TesisUPV2020-02,
  Title                    = {\textit{Diseño e Implementación de una Interfaz para Manejo de Formularios para la Subsecretaría de Innovación y Tecnologías de la Información}},
  HowPublished             = {Tesis de Ingeniería en Tecnologías de la Información, Universidad Politécnica de Victoria},
  Month                    = {4},
Author = {{ Héctor Abraham Posada Reyna}},
  Year                     = {2020}
}

@Misc{TesisUPV2020-03,
  Title                    = {\textit{Digitalización de flujos de procesos internos para la cotización de productos}},
  HowPublished             = {Tesis de Ingeniería en Tecnologías de la Información, Universidad Politécnica de Victoria},
  Month                    = {4},
Author = {{ Carlos Efrén de los Reyes Bueno}},
  Year                     = {2020}
}

@Misc{TesisUPV2020-04,
  Title                    = {\textit{Desarrollo de un sistema web para el control de entradas y salidas de personal externo}},
  HowPublished             = {Tesis de Ingeniería en Tecnologías de la Información, Universidad Politécnica de Victoria},
  Month                    = {4},
Author = {{ Oswaldo Arael González Guerrero}},
  Year                     = {2020}
}

@Misc{TesisUPV2020-05,
  Title                    = {\textit{Despliegue de un grafo de conocimiento sobre el dominio de matemáticas de un estudiante universitario: Módulo para gestionar la evaluación diagnóstica}},
  HowPublished             = {Tesis de Ingeniería en Tecnologías de la Información, Universidad Politécnica de Victoria},
  Month                    = {8},
Author = {{ Omar Uriel Roman Carrizalez}},
  Year                     = {2020}
}

@Misc{TesisUPV2020-06,
  Title                    = {\textit{Aprendizaje automático en dispositivos móviles: estudio de caso}},
  HowPublished             = {Tesis de Ingeniería en Tecnologías de la Información, Universidad Politécnica de Victoria},
  Month                    = {12},
Author = {{ Ana Lizbeth Hernández López}},
  Year                     = {2020}
}

@Misc{TesisUPV2020-07,
  Title                    = {\textit{Desarrollo Backend para ERP Sigo del Banco de Alimentos de México}},
  HowPublished             = {Tesis de Ingeniería en Tecnologías de la Información, Universidad Politécnica de Victoria},
  Month                    = {12},
Author = {{ Raul Alejandro López Balleza}},
  Year                     = {2020}
}

@Misc{TesisUPV2020-08,
  Title                    = {\textit{Desarrollo e Implementación de Aplicación Móvil de Gestión de Beneficiarios de Programas de Bienestar Social del Estado de Tamaulipas}},
  HowPublished             = {Tesis de Ingeniería en Tecnologías de la Información, Universidad Politécnica de Victoria},
  Month                    = {12},
Author = {{ Elvira Marisol Saldívar Izaguirre}},
  Year                     = {2020}
}

@Misc{TesisUPV2020-09,
  Title                    = {\textit{Nano Clip: Desarrollo de una aplicación web para realizar promoción y venta de los productos y servicios que vende la empresa}},
  HowPublished             = {Tesis de Ingeniería en Tecnologías de la Información, Universidad Politécnica de Victoria},
  Month                    = {12},
Author = {{ Erick Draven Vega Rios}},
  Year                     = {2020}
}

% Asesor Empresarial
@Misc{TesisUPV2020-10,
  Title                    = {\textit{Implementación de un Sistema de Menús y Cálculo de Cuentas para Restaurantes}},
  HowPublished             = {Tesis de Ingeniería en Tecnologías de la Información, Universidad Politécnica de Victoria},
  Month                    = {12},
Author = {{ Jesús Emanuel Galván Díaz}},
  Year                     = {2020}
}
% Asesor Empresarial
@Misc{TesisUPV2020-11,
  Title                    = {\textit{Aplicacion de Escritorio para la Generacion de Cariogramas a partir de una Segmentacion Manual de Cromosomas}},
  HowPublished             = {Tesis de Ingeniería en Tecnologías de la Información, Universidad Politécnica de Victoria},
  Month                    = {12},
Author = {{ Ángel Armando Valay Martínez}},
  Year                     = {2020}
}
% Asesor Empresarial
@Misc{TesisUPV2020-12,
  Title                    = {\textit{Aplicación Móvil para Generación de Cariogramas Empleando Algoritmos de Segmentación Asistida de Cromosomas}},
  HowPublished             = {Tesis de Ingeniería en Tecnologías de la Información, Universidad Politécnica de Victoria},
  Month                    = {12},
Author = {{ Luis Alfonso Villanueva Galván}},
  Year                     = {2020}
}


@Misc{TesisUPV2019-01,
  Title                    = {\textit{Aplicación móvil versátil basada en S. O. Android para el control de cargas eléctricas industriales mediante tecnología WiFi}},
  HowPublished             = {Tesis de Ingeniería en Tecnologías de la Información, Universidad Politécnica de Victoria},
  Month                    = {4},
Author = {{ Orimar Erick Yosseth Alonso López}},
  Year                     = {2019}
}

@Misc{TesisUPV2019-02,
  Title                    = {\textit{Sistema Web Generador de Indicadores Presupuestales Automátizados}},
  HowPublished             = {Tesis de Ingeniería en Tecnologías de la Información, Universidad Politécnica de Victoria},
  Month                    = {4},
Author = {{ Dulce María Sustaita Salas}},
  Year                     = {2019}
}

@Misc{TesisUPV2019-03,
  Title                    = {\textit{Desarrollo e Implementacion De La Segunda Fase Del Sistema De Informacion Recubrimientos Titanium De Tamaulipas}},
  HowPublished             = {Tesis de Ingeniería en Tecnologías de la Información, Universidad Politécnica de Victoria},
  Month                    = {8},
Author = {{ Narcizo Yael Álvarez Morales}},
  Year                     = {2019}
}

@Misc{TesisUPV2019-04,
  Title                    = {\textit{Sistema de Gestión Hotelero para Consultora Mexicana}},
  HowPublished             = {Tesis de Ingeniería en Tecnologías de la Información, Universidad Politécnica de Victoria},
  Month                    = {12},
Author = {{ María Fernanda Báez Zapata}},
  Year                     = {2019},
}

@Misc{TesisUPV2019-05,
  Title                    = {\textit{Esquema de Seguridad Basado en Identificación de Temas Mediante Minería de Datos}},
  HowPublished             = {Tesis de Ingeniería en Tecnologías de la Información, Universidad Politécnica de Victoria},
  Month                    = {12},
Author = {{ Ana Karen Molina Pastrana}},
  Year                     = {2019},

  Owner                    = {marco},
  Timestamp                = {2019.12.13}
}

@Misc{TesisUPV2019-06,
  Title                    = {\textit{Desarrollo E Implementación De Sistema Web Para La Administración Y Gestión De Rastreo De Pedidos Para La Empresa Hidrosag}},
  HowPublished             = {Tesis de Ingeniería en Tecnologías de la Información, Universidad Politécnica de Victoria},
  Month                    = {12},
Author = {{ Israel Martínez Cepeda}},
  Year                     = {2019},

  Owner                    = {marco},
  Timestamp                = {2019.12.13}
}

@Misc{TesisUPV2019-07,
  Title                    = {\textit{Integración de un modelo de construcción de tuberías de procesamiento a un modelo generador de soluciones agnósticas con patrones paralelos de procesamiento.}},
  HowPublished             = {Tesis de Ingeniería en Tecnologías de la Información, Universidad Politécnica de Victoria},
  Month                    = {12},
Author = {{ Genaro Juan Sánchez Gallegos}},
  Year                     = {2019},

  Owner                    = {marco},
  Timestamp                = {2019.12.13}
}

@Misc{TesisUPV2018-01,
  Title                    = {\textit{Desarrollo del Backend de un Sistema para la Comisión de Caza y Pesca Deportiva del Estado de Tamaulipas}},
  HowPublished             = {Tesis de Ingeniería en Tecnologías de la Información, Universidad Politécnica de Victoria},
  Month                    = {4},
Author = {{ Saúl Balderas González}},
  Year                     = {2018}
}

@Misc{TesisUPV2018-02,
  Title                    = {\textit{Análisis, Diseño e Implementación de Algoritmos para la Detección y Seguimiento de Objetos Mediante Visión Artificial en Robots UAV }},
  HowPublished             = {Tesis de Ingeniería en Tecnologías de la Información, Universidad Politécnica de Victoria},
  Month                    = {4},
Author = {{ Julio César Flores Rodríguez}},
  Year                     = {2018}
}

@Misc{TesisUPV2018-03,
  Title                    = {\textit{Programación de Algoritmos de Visión por Computadora para la Navegación de un Agente Autónomo Aéreo}},
  HowPublished             = {Tesis de Ingeniería en Tecnologías de la Información, Universidad Politécnica de Victoria},
  Month                    = {4},
Author = {{ Homero Daniel Huerta Cerda}},
  Year                     = {2018}
}

@Misc{TesisUPV2018-04,
  Title                    = {\textit{Diseno e Implementacion de una API Web de análisis de la estructura de redes complejas a través de HTTP}},
  HowPublished             = {Tesis de Ingeniería en Tecnologías de la Información, Universidad Politécnica de Victoria},
  Month                    = {8},
Author = {{ Karina Liliana Huerta Reyes}},
  Year                     = {2018}
}

@Misc{TesisUPV2018-05,
  Title                    = {\textit{Aplicación Educativa para Enseñanza de Robótica y Pensamiento Computacional}},
  HowPublished             = {Tesis de Ingeniería en Tecnologías de la Información, Universidad Politécnica de Victoria},
  Month                    = {12},
Author = {{ Armando Isaac Hernández Muñiz}},
  Year                     = {2018}
}

@Misc{TesisUPV2018-06,
  Title                    = {\textit{Desarrollo de aplicacion movil para la Procuradurıa General de Justicia del Estado de Tamaulipas para el extravío de documentos}},
  HowPublished             = {Tesis de Ingeniería en Tecnologías de la Información, Universidad Politécnica de Victoria},
  Month                    = {12},
Author = {{ Jose Arael Betancourt Flores}},
  Year                     = {2018}
}

@Misc{TesisUPV2018-07,
  Title                    = {\textit{Modulo Tutorías del Sistema Integral de Información de Tutorías y Asesorías}},
  HowPublished             = {Tesis de Ingeniería en Tecnologías de la Información, Universidad Politécnica de Victoria},
  Month                    = {12},
Author = {{ Erick Elizondo Rodríguez}},
  Year                     = {2018}
}

@Misc{TesisUPV2017-01,
  Title                    = {\textit{Análisis del Sistema de Control de Viáticos, Estadías y Traslados para la Gestión de Procesos de CONAFE Tamaulipas}},
  HowPublished             = {Tesis de Ingeniería en Tecnologías de la Información, Universidad Politécnica de Victoria},
  Month                    = {4},
Author = {{ Sandy Janeth Martínez Pecina}},
  Year                     = {2017}
}

@Misc{TesisUPV2017-02,
  Title                    = {\textit{Computación Evolutiva basada en GP-GPU para el Problema de la Planificación de Horarios Universitarios}},
  HowPublished             = {Tesis de Ingeniería en Tecnologías de la Información, Universidad Politécnica de Victoria},
  Month                    = {4},
Author = {{ Eder Sayd Camacho Camacho}},
  Year                     = {2017}
}

@Misc{TesisUPV2017-03,
  Title                    = {\textit{Implementación de diseño y flujo de aplicación para Android de un simulador educativo de hábitos alimenticios y de ejercicios para pacientes diabéticos}},
  HowPublished             = {Tesis de Ingeniería en Tecnologías de la Información, Universidad Politécnica de Victoria},
  Month                    = {8},
Author = {{ Carlos Palmero Hinojosa}},
  Year                     = {2017}
}

@Misc{TesisUPV2017-04,
  Title                    = {\textit{Diseño e Implementación de una Aplicación Móvil para Segmentación y Reconocimiento de Comida Regional Tamaulipeca}},
  HowPublished             = {Tesis de Ingeniería en Tecnologías de la Información, Universidad Politécnica de Victoria},
  Month                    = {12},
Author = {{ Jesús Antonio Luna Álvarez}},
  Year                     = {2017}
}

@Misc{TesisUPV2017-05,
  Title                    = {\textit{Sistema de Monitoreo Perimetral y Transmisión Remota de Comandos para el Robot de Servicio DaNI}},
  HowPublished             = {Tesis de Ingeniería en Tecnologías de la Información, Universidad Politécnica de Victoria},
  Month                    = {12},
Author = {{ Rodolfo Guadalupe Hernández Castillo}},
  Year                     = {2017}
}

@Misc{TesisUPV2017-06,
  Title                    = {\textit{Interfaz de Usuario Móvil para la Visualización de Mensajes de Alerta de Datos Clínicos}},
  HowPublished             = {Tesis de Ingeniería en Tecnologías de la Información, Universidad Politécnica de Victoria},
  Month                    = {12},
Author = {{ Beatriz Anshel Sánchez García}},
  Year                     = {2017}
}

@Misc{TesisUPV2016-01,
  Title                    = {\textit{Aplicación Multiplataforma para Control y Supervisión del estado Mecánico de Unidades de Transporte Público}},
  HowPublished             = {Tesis de Ingeniería en Tecnologías de la Información, Universidad Politécnica de Victoria},
  Month                    = {4},
Author = {{ Martín Eduardo Gúzman Zavala}},
  Year                     = {2016}
}

@Misc{TesisUPV2016-02,
  Title                    = {\textit{Sistema Central de Averiguaciones Previas, Actas Circunstanciales y Procedimientos Especiales de la PGJE}},
  HowPublished             = {Tesis de Ingeniería en Tecnologías de la Información, Universidad Politécnica de Victoria},
  Month                    = {12},
Author = {{ Manuel Alejandro Rodríguez López}},
  Year                     = {2016}
}

@Misc{TesisUPV2016-03,
  Title                    = {\textit{Desarrollo de Aplicación Móvil para Publicitar Restaurantes en Ciudad Victoria}},
  HowPublished             = {Tesis de Ingeniería en Tecnologías de la Información, Universidad Politécnica de Victoria},
  Month                    = {12},
Author = {{ Arturo Ibarra Ibarra }},
  Year                     = {2016}
}

@Misc{TesisUPV2016-04,
  Title                    = {\textit{Implementación de Virtualización de Servidores en el Instituto Tamaulipeco de Vivienda y Urbanismo}},
  HowPublished             = {Tesis de Ingeniería en Tecnologías de la Información, Universidad Politécnica de Victoria},
  Month                    = {12},
Author = {{ Dillan Aner Durán Escamilla}},
  Year                     = {2016}
}

@Misc{TesisUPV2015-01,
  Title                    = {\textit{Implementación de una Aplicación Web para el Control de Níveles y Calidad de Producción}},
  HowPublished             = {Tesis de Ingeniería en Tecnologías de la Información, Universidad Politécnica de Victoria},
  Month                    = {1},
Author = {{ Cristian Ríos Martínez}},
  Year                     = {2015}
}

@Misc{TesisUPV2015-02,
  Title                    = {\textit{Diseño e Implementación de Infraestructura para Redes Virtuales y su Monitoreo Mediante una Plataforma Distribuida}},
  HowPublished             = {Tesis de Ingeniería en Tecnologías de la Información, Universidad Politécnica de Victoria},
  Month                    = {1},
Author = {{ Samantha Yasivee Carrizales Villagomez}},
  Year                     = {2015}
}

@Misc{TesisUPV2015-03,
  Title                    = {\textit{Implementación y Optimización de Algoritmos de Segmentación Adaptiva}},
  HowPublished             = {Tesis de Ingeniería en Mecátronica, Universidad Politécnica de Victoria},
  Month                    = {1},
Author = {{ Aaron Rodrigo Hinojosa González}},
  Year                     = {2015}
}

@Misc{TesisUPV2015-04,
  Title                    = {\textit{Implementación Embebida de un Sistema de Reconocimiento de Siluetas}},
  HowPublished             = {Tesis de Ingeniería en Mecátronica, Universidad Politécnica de Victoria},
  Month                    = {1},
Author = {{ Carlos Eduardo Pérez Trujillo}},
  Year                     = {2015}
}

@Misc{TesisUPV2015-05,
  Title                    = {\textit{Implementación y Evaluación de Algoritmos de Reconocimiento de Objetos en Dispositivos Móviles}},
  HowPublished             = {Tesis de Ingeniería en Tecnologías de la Información, Universidad Politécnica de Victoria},
  Month                    = {1},
Author = {{ Victor Manuel González Ollervides}},
  Year                     = {2015}
}

@Misc{TesisUPV2015-06,
  Title                    = {\textit{Operación de Plataforma Tecnológica para Servicios Basados en Localización}},
  HowPublished             = {Tesis de Ingeniería en Tecnologías de la Información, Universidad Politécnica de Victoria},
  Month                    = {1},
Author = {{ Jaciel David Hernández Reséndiz}},
  Year                     = {2015}
}

@Misc{TesisUPV2015-07,
  Title                    = {\textit{Análisis y Diseño de la Base de Datos para el Sistema Centro de Control de la Empresa COMAPA}},
  HowPublished             = {Tesis de Ingeniería en Tecnologías de la Información, Universidad Politécnica de Victoria},
  Month                    = {1},
Author = {{ Ana Raquel García Martínez}},
  Year                     = {2015}
}

@Misc{TesisUPV2015-08,
  Title                    = {\textit{Diseño de la Interfaz Gráfica del Sistema Centro de Control}},
  HowPublished             = {Tesis de Ingeniería en Tecnologías de la Información, Universidad Politécnica de Victoria},
  Month                    = {1},
Author = {{ Jorge Alberto Rodríguez Vázquez}},
  Year                     = {2015}
}

@Misc{TesisUPV2015-09,
  Title                    = {\textit{Video Vigilancia en Dispositivos Móviles}},
  HowPublished             = {Tesis de Ingeniería en Tecnologías de la Información, Universidad Politécnica de Victoria},
  Month                    = {5},
Author = {{ América Esmeralda Platas Martínez}},
  Year                     = {2015}
}

@Misc{TesisUPV2015-10,
  Title                    = {\textit{Sistema Integral de Información}},
  HowPublished             = {Tesis de Ingeniería en Tecnologías de la Información, Universidad Politécnica de Victoria},
  Month                    = {5},
Author = {{ Alan Omar Reyna Salgado}},
  Year                     = {2015}
}

@Misc{TesisUPV2015-11,
  Title                    = {\textit{Sistema de Legalización y Apostilla}},
  HowPublished             = {Tesis de Ingeniería en Tecnologías de la Información, Universidad Politécnica de Victoria},
  Month                    = {5},
Author = {{ Alfredo Darío Silva Roque}},
  Year                     = {2015}
}

@Misc{TesisUPV2015-12,
  Title                    = {\textit{Sistema de Control de Jugadores}},
  HowPublished             = {Tesis de Ingeniería en Tecnologías de la Información, Universidad Politécnica de Victoria},
  Month                    = {5},
Author = {{ Jorge Adrían Guzmán Rubio}},
  Year                     = {2015}
}

@Misc{TesisUPV2015-13,
  Title                    = {\textit{Sistema de Administración de Recursos y Clientes para el Instituto SINO Mexicano}},
  HowPublished             = {Tesis de Ingeniería en Tecnologías de la Información, Universidad Politécnica de Victoria},
  Month                    = {12},
Author = {{ Juana Guadalupe Rivera Madrigal}},
  Year                     = {2015}
}

@Misc{TesisUPV2015-14,
  Title                    = {\textit{Implementación de un Módulo de Manipulación de Expedientes para el Portal de Transparencia del Supremo Tribunal de Justicia del Estado de Tamaulipas}},
  HowPublished             = {Tesis de Ingeniería en Tecnologías de la Información, Universidad Politécnica de Victoria},
  Month                    = {12},
Author = {{ Juan Gabriel Hernández Martínez}},
  Year                     = {2015}
}

@Misc{TesisUPV2015-15,
  Title                    = {\textit{Implementación de un módulo directorio de jueces para el portal de transparencia del H. Supremo Tribunal de Justicia del Estado de Tamaulipas}},
  HowPublished             = {Tesis de Ingeniería en Tecnologías de la Información, Universidad Politécnica de Victoria},
  Month                    = {12},
Author = {{ Jorge Luis Rodríguez Moreno}},
  Year                     = {2015}
}

@Misc{TesisUPV2015-16,
  Title                    = {\textit{Sistema de videovigilancia aplicado al monitoreo de vehículos}},
  HowPublished             = {Tesis de Ingeniería en Tecnologías de la Información, Universidad Politécnica de Victoria},
  Month                    = {12},
Author = {{ Ana Rosa Lerma Salinas}},
  Year                     = {2015}
}

@Misc{TesisUPV2015-17,
  Title                    = {\textit{Sistema para automatización de pruebas psicometricas}},
  HowPublished             = {Tesis de Ingeniería en Tecnologías de la Información, Universidad Politécnica de Victoria},
  Month                    = {12},
Author = {{ Victor Manuel Ibarra Arellano}},
  Year                     = {2015}
}

@Misc{TesisUPV2015-18,
  Title                    = {\textit{Interoperabilidad del RouterOS con una aplicación externa a través de estándarer Vendor-Neutral}},
  HowPublished             = {Tesis de Ingeniería en Tecnologías de la Información, Universidad Politécnica de Victoria},
  Month                    = {12},
Author = {{ Luis Felipe Cortés Mendoza}},
  Year                     = {2015}
}

@Misc{TesisUPV2014-1,
  Title                    = {\textit{Sistema para la Generación de la Contabilidad Gubernamental}},
  HowPublished             = {Tesis de Ingeniería en Tecnologías de la Información, Universidad Politécnica de Victoria},
  Month                    = {1},
Author = {{ Ricardo Javier Ponce Echartea}},
  Year                     = {2014}
}

@Misc{TesisUPV2014-10,
  Title                    = {\textit{Análisis, Diseño y Desarrollo de un Sistema de Inventario Web para Tool Crib}},
  HowPublished             = {Tesis de Ingeniería en Tecnologías de la Información, Universidad Politécnica de Victoria},
  Month                    = {8},
Author = {{ María Magdalena Rivera Cruz}},
  Year                     = {2014}
}

@Misc{TesisUPV2014-2,
  Title                    = {\textit{Dise{\~no} y construcción de un Banco de Pruebas para Análisis de Virtualización de Redes}},
  HowPublished             = {Tesis de Ingeniería en Tecnologías de la Información, Universidad Politécnica de Victoria},
  Month                    = {1},
Author = {{ Carlos Mario Balboa Casanova}},
  Year                     = {2014}
}

@Misc{TesisUPV2014-3,
  Title                    = {\textit{Evaluación e Implementación de Algoritmos de Reconocimiento de Patrones Aplicados a la Identificación de Número de Placas de Vehículos}},
  HowPublished             = {Tesis de Ingeniería en Tecnologías de la Información, Universidad Politécnica de Victoria},
  Month                    = {1},
Author = {{ Yaziel Asbai Rodríguez Puente}},
  Year                     = {2014}
}

@Misc{TesisUPV2014-4,
  Title                    = {\textit{Evaluación e Implemetación de Modelos de Redes Neuronales Aplicados
al Reconocimiento de Caracteres}},
  HowPublished             = {Tesis de Ingeniería en Tecnologías de la Información, Universidad Politécnica de Victoria},
  Month                    = {1},
Author = {{ Maik Muñiz Hernández}},
  Year                     = {2014}
}

@Misc{TesisUPV2014-5,
  Title                    = {\textit{Evaluación de Algoritmos de Segmentación y Detección de Esquinas Aplicables a Localización de Placas en Imágenes de Automóviles}},
  HowPublished             = {Tesis de Ingeniería en Tecnologías de la Información, Universidad Politécnica de Victoria},
  Month                    = {1},
Author = {{ Jorge Abraham Loreto Ruiz}},
  Year                     = {2014}
}

@Misc{TesisUPV2014-6,
  Title                    = {\textit{Suministro e Instalación de Redes y Telefonía}},
  HowPublished             = {Tesis de Ingeniería en Tecnologías de la Información, Universidad Politécnica de Victoria},
  Month                    = {1},
Author = {{ Carlos Adrían Blanco Larios}},
  Year                     = {2014}
}

@Misc{TesisUPV2014-7,
  Title                    = {\textit{Aplicación Web de Asesoría Jurídica Laboral}},
  HowPublished             = {Tesis de Ingeniería en Tecnologías de la Información, Universidad Politécnica de Victoria},
  Month                    = {5},
Author = {{ Frida Daniela Cárdenas Morales}},
  Year                     = {2014}
}

@Misc{TesisUPV2014-8,
  Title                    = {\textit{Gestión de Ventas Técnicas}},
  HowPublished             = {Tesis de Ingeniería en Tecnologías de la Información, Universidad Politécnica de Victoria},
  Month                    = {5},
Author = {{ Santos Miguel Marín Cruz}},
  Year                     = {2014}
}

@Misc{TesisUPV2014-9,
  Title                    = {\textit{Integración de Módulos de Visión para el Reconocimiento de Digitos en Placas de Automóviles}},
  HowPublished             = {Tesis de Ingeniería en Tecnologías de la Información, Universidad Politécnica de Victoria},
  Month                    = {8},
Author = {{ Erick Noel Rodríguez Pérez}},
  Year                     = {2014}
}

@Misc{TesisUPV2013-1,
  Title                    = {\textit{Algoritmos de Binarización en Tarjetas de Procesamiento Gráficos}},
  HowPublished             = {Tesis de Ingeniería en Tecnologías de la Información, Universidad Politécnica de Victoria},
  Month                    = {1},
Author = {{ Teódulo Cabriales Escobar}},
  Year                     = {2013}
}

@Misc{TesisUPV2013-2,
  Title                    = {\textit{Contribución en la Realización y Aplicación del Instrumento Denominado: Padrón de los Sistemas de Información}},
  HowPublished             = {Tesis de Ingeniería en Tecnologías de la Información, Universidad Politécnica de Victoria},
  Month                    = {1},
Author = {{ Norberto Daniel Ortiz Salazar}},
  Year                     = {2013}
}

@Misc{TesisUPV2013-3,
  Title                    = {\textit{Sistema de Información Electoral de Tamaulipas}},
  HowPublished             = {Tesis de Ingeniería en Tecnologías de la Información, Universidad Politécnica de Victoria},
  Month                    = {5},
Author = {{ Ricardo Amaya Escobedo}},
  Year                     = {2013}
}

@Misc{TesisUPV2013-4,
  Title                    = {\textit{Dise{\~n}o e Implementaci{\'o}n del M{\'o}dulo para el C{\'a}lculo de Similitud Sint{\'a}ctica entre Ofertas y Demandas para
el sistema de apoyo a la innovaci{\'o}n y desarrollo tecnol{\'o}gico (SADIT)}},
  HowPublished             = {Tesis de Ingeniería en Tecnologías de la Información, Universidad Politécnica de Victoria},
  Month                    = {5},
Author = {{ Lizbeth Zayani S{\'a}nchez Olvera}},
  Year                     = {2013}
}

@Misc{TesisUPV2013-5,
  Title                    = {\textit{Programador WEB en Secretaria de Salud}},
  HowPublished             = {Tesis de Ingeniería en Tecnologías de la Información, Universidad Politécnica de Victoria},
  Month                    = {5},
Author = {{ Jes{\'u}s Ernesto Castillo Martínez}},
  Year                     = {2013}
}

@Misc{TesisUPV2013-6,
  Title                    = {\textit{Control de Cortadoras de Leadframe}},
  HowPublished             = {Tesis de Ingeniería en Tecnologías de la Información, Universidad Politécnica de Victoria},
  Month                    = {8},
Author = {{ Isis Adeli Castillo Amaya}},
  Year                     = {2013}
}

@Misc{TesisUPV2013-7,
  Title                    = {\textit{Desarrollo de Plataforma para Staffing}},
  HowPublished             = {Tesis de Ingeniería en Tecnologías de la Información, Universidad Politécnica de Victoria},
  Month                    = {8},
Author = {{ Rafael Ram{\'i}rez Pineda}},
  Year                     = {2013}
}

@Misc{TesisUPV2012-1,
  Title                    = {\textit{Implementación de un Videojuego 3D}},
  HowPublished             = {Tesis de Ingeniería en Tecnologías de la Información, Universidad Politécnica de Victoria},
  Month                    = {1},
Author = {{ Daniel Alejandro Lav\'in Montero}},
  Year                     = {2012}
}

@Misc{TesisUPV2012-2,
  Title                    = {\textit{Análisis y Diseño de un Videojuego 3D}},
  HowPublished             = {Tesis de Ingeniería en Tecnologías de la Información, Universidad Politécnica de Victoria},
  Month                    = {1},
Author = {{ Josefina Guadalupe V\'azquez Salazar}},
  Year                     = {2012}
}

@Misc{TesisUPV2012-3,
  Title                    = {\textit{Escuela Técnica en Urgencias Médicas V.1}},
  HowPublished             = {Tesis de Ingeniería en Tecnologías de la Información, Universidad Politécnica de Victoria},
  Month                    = {1},
Author = {{ Idalia Merari Gonz\'alez Lucio}},
  Year                     = {2012}
}

@Misc{TesisUPV2012-4,
  Title                    = {\textit{Desarrollo Web de un Punto de Venta}},
  HowPublished             = {Tesis de Ingeniería en Tecnologías de la Información, Universidad Politécnica de Victoria},
  Month                    = {8},
Author = {{ Jorge Aguilar Canales}},
  Year                     = {2012}
}

@Misc{TesisUPV2011-1,
  Title                    = {\textit{Recomendador de Sitios Turisticos en Línea}},
  HowPublished             = {Tesis de Ingeniería en Tecnologías de la Información, Universidad Politécnica de Victoria},
  Month                    = {1},
Author = {{ Valeria Zapata García}},
  Year                     = {2011}
}

@Misc{TesisUPV2011-2,
  Title                    = {\textit{Migración del Enterprise Management Portal de SharePoint 2007 a SharePoint 2010}},
  HowPublished             = {Tesis de Ingeniería en Tecnologías de la Información, Universidad Politécnica de Victoria},
  Month                    = {1},
Author = {{ Guadalupe de Jes\'us Morales Bocanegra}},
  Year                     = {2011}
}

@Misc{TesisUPV2011-3,
  Title                    = {\textit{Apoyo en la Elaboración de la Arquitectura del Sistema de Control de Armamento y Equipo}},
  HowPublished             = {Tesis de Ingeniería en Tecnologías de la Información, Universidad Politécnica de Victoria},
  Month                    = {5},
Author = {{ Mar\'ia Candelaria Saucedo \'Avila}},
  Year                     = {2011}
}

@Misc{TesisITSA2007-1,
  Title                    = {\textit{Circuitos Integrados para el Reconocimiento del Habla}},
  HowPublished             = {Tesis de Ingeniería en Sistemas Computacionales, Instituto Tecnológico Superior de Atlixco},
  Month                    = {2},
Author = {{ Xochitl Motolinia Santamaria}},
  Year                     = {2007}
}

@Misc{TesisITSA2007-2,
  Title                    = {\textit{Circuitos Integrados para el Análisis de Imágenes}},
  HowPublished             = {Tesis de Ingeniería en Sistemas Computacionales, Instituto Tecnológico Superior de Atlixco},
  Month                    = {9},
Author = {{ Graciela Morales Robles}},
  Year                     = {2007}
}

@Misc{TesisITSA2007-3,
  Title                    = {\textit{Manual de Prácticas para el Simulador B2Logic}},
  HowPublished             = {Tesis de Ingeniería en Sistemas Computacionales, Instituto Tecnológico Superior de Atlixco},
  Month                    = {12},
Author = {{ Mariana Castillo Rangel}},
  Year                     = {2007}
}

@Misc{TesisITSA2007-4,
  Title                    = {\textit{Rediseño de Red Estructurada Tipo LAN para la Empresa FFT de México, S.A de C.V}},
  HowPublished             = {Tesis de Ingeniería en Sistemas Computacionales, Instituto Tecnológico Superior de Atlixco},
  Month                    = {12},
Author = {{ Marlon Francisco González Fierro y Juan Paul González Fierro}},
  Year                     = {2007}
}

@Misc{TesisITSA2006-1,
  Title                    = {\textit{Circuitos Integrados para Redes Neuronales}},
  HowPublished             = {Tesis de Ingeniería en Sistemas Computacionales, Instituto Tecnológico Superior de Atlixco},
  Month                    = {6},
Author = {{ Clara Romero Romero}},
  Year                     = {2006}
}

